
    <marc:record>
        <marc:leader>01547cam a2200409Ia 4500</marc:leader>
        <marc:controlfield tag="001">a7000001</marc:controlfield>
        <marc:controlfield tag="003">SIRSI</marc:controlfield>
        <marc:controlfield tag="005">20150718050002.0</marc:controlfield>
        <marc:controlfield tag="008">070226s2006    it a     b    001 0 ita d</marc:controlfield>
        <marc:datafield tag="020" ind1=" " ind2=" ">
            <marc:subfield code="a">8884983029</marc:subfield>
        </marc:datafield>
        <marc:datafield tag="020" ind1=" " ind2=" ">
            <marc:subfield code="a">9788884983022</marc:subfield>
        </marc:datafield>
        <marc:datafield tag="040" ind1=" " ind2=" ">
            <marc:subfield code="a">C3L</marc:subfield>
            <marc:subfield code="c">C3L</marc:subfield>
            <marc:subfield code="d">IUL</marc:subfield>
        </marc:datafield>
        <marc:datafield tag="041" ind1="0" ind2=" ">
            <marc:subfield code="a">eng</marc:subfield>
            <marc:subfield code="a">fre</marc:subfield>
            <marc:subfield code="a">ger</marc:subfield>
            <marc:subfield code="a">ita</marc:subfield>
        </marc:datafield>
        <marc:datafield tag="043" ind1=" " ind2=" ">
            <marc:subfield code="a">e-uk---</marc:subfield>
            <marc:subfield code="a">e-gx---</marc:subfield>
            <marc:subfield code="a">e-it---</marc:subfield>
        </marc:datafield>
        <marc:datafield tag="045" ind1=" " ind2=" ">
            <marc:subfield code="a">t0u9</marc:subfield>
            <marc:subfield code="a">v0w1</marc:subfield>
        </marc:datafield>
        <marc:datafield tag="050" ind1=" " ind2="4">
            <marc:subfield code="a">QC16.N7</marc:subfield>
            <marc:subfield code="b">C36 2006</marc:subfield>
        </marc:datafield>
        <marc:datafield tag="082" ind1="1" ind2="4">
            <marc:subfield code="a">530</marc:subfield>
            <marc:subfield code="2">21</marc:subfield>
        </marc:datafield>
        <marc:datafield tag="100" ind1="1" ind2=" ">
            <marc:subfield code="a">Casini, Paolo.</marc:subfield>
            <marc:subfield code="=">^A182381</marc:subfield>
        </marc:datafield>
        <marc:datafield tag="245" ind1="1" ind2="0">
            <marc:subfield code="a">Hypotheses non fingo :</marc:subfield>
            <marc:subfield code="b">tra Newton e Kant /</marc:subfield>
            <marc:subfield code="c">Paolo Casini.</marc:subfield>
        </marc:datafield>
        <marc:datafield tag="250" ind1=" " ind2=" ">
            <marc:subfield code="a">1. ed.</marc:subfield>
        </marc:datafield>
        <marc:datafield tag="260" ind1=" " ind2=" ">
            <marc:subfield code="a">Roma :</marc:subfield>
            <marc:subfield code="b">Edizioni di storia e letteratura,</marc:subfield>
            <marc:subfield code="c">2006.</marc:subfield>
        </marc:datafield>
        <marc:datafield tag="300" ind1=" " ind2=" ">
            <marc:subfield code="a">[304] p. :</marc:subfield>
            <marc:subfield code="b">ill. ;</marc:subfield>
            <marc:subfield code="c">24 cm.</marc:subfield>
        </marc:datafield>
        <marc:datafield tag="490" ind1="1" ind2=" ">
            <marc:subfield code="a">Opuscula collecta ;</marc:subfield>
            <marc:subfield code="v">4</marc:subfield>
        </marc:datafield>
        <marc:datafield tag="546" ind1=" " ind2=" ">
            <marc:subfield code="a">Texts in English, French, German or Italian.</marc:subfield>
        </marc:datafield>
        <marc:datafield tag="500" ind1=" " ind2=" ">
            <marc:subfield code="a">Collection of already published writings, in facsimile reprinting.</marc:subfield>
        </marc:datafield>
        <marc:datafield tag="504" ind1=" " ind2=" ">
            <marc:subfield code="a">Includes bibliographical references.</marc:subfield>
        </marc:datafield>
        <marc:datafield tag="600" ind1="1" ind2="0">
            <marc:subfield code="a">Newton, Isaac,</marc:subfield>
            <marc:subfield code="d">1642-1727</marc:subfield>
            <marc:subfield code="=">^A87168</marc:subfield>
        </marc:datafield>
        <marc:datafield tag="600" ind1="1" ind2="0">
            <marc:subfield code="a">Kant, Immanuel,</marc:subfield>
            <marc:subfield code="d">1724-1804.</marc:subfield>
            <marc:subfield code="=">^A91715</marc:subfield>
        </marc:datafield>
        <marc:datafield tag="830" ind1=" " ind2="0">
            <marc:subfield code="a">Opuscula collecta ;</marc:subfield>
            <marc:subfield code="v">4.</marc:subfield>
            <marc:subfield code="=">^A2013966</marc:subfield>
        </marc:datafield>
        <marc:datafield tag="916" ind1=" " ind2=" ">
            <marc:subfield code="a">DATE CATALOGED</marc:subfield>
            <marc:subfield code="b">20080919</marc:subfield>
        </marc:datafield>
        <marc:datafield tag="994" ind1=" " ind2=" ">
            <marc:subfield code="a">Z0</marc:subfield>
            <marc:subfield code="b">MALCO</marc:subfield>
        </marc:datafield>
        <marc:datafield tag="596" ind1=" " ind2=" ">
            <marc:subfield code="a">20</marc:subfield>
        </marc:datafield>
        <marc:datafield tag="035" ind1=" " ind2=" ">
            <marc:subfield code="a">ocm85433418 </marc:subfield>
            <marc:subfield code="6">ORIG</marc:subfield>
        </marc:datafield>
        <marc:datafield tag="035" ind1=" " ind2=" ">
            <marc:subfield code="a">(OCoLC-M)85433418</marc:subfield>
        </marc:datafield>
        <marc:datafield tag="035" ind1=" " ind2=" ">
            <marc:subfield code="a">(OCoLC-I)466923985</marc:subfield>
        </marc:datafield>
        <marc:datafield tag="856" ind1="4" ind2="1">
            <marc:subfield code="3">Table of contents</marc:subfield>
            <marc:subfield code="z">Available to Stanford-affiliated users at:</marc:subfield>
            <marc:subfield code="u">http://bookdata.stanford.edu/casalini/suauth/06/01/06015417.pdf</marc:subfield>
            <marc:subfield code="x">CasaliniTOC</marc:subfield>
            <marc:subfield code="z">(source: Casalini)</marc:subfield>
        </marc:datafield>
        <marc:datafield tag="999" ind1=" " ind2=" ">
            <marc:subfield code="a">QC16 .N7 C36 2006</marc:subfield>
            <marc:subfield code="w">LC</marc:subfield>
            <marc:subfield code="c">1</marc:subfield>
            <marc:subfield code="i">36105121441963</marc:subfield>
            <marc:subfield code="d">11/12/2009</marc:subfield>
            <marc:subfield code="e">11/4/2009</marc:subfield>
            <marc:subfield code="l">SOUTH-MEZZ</marc:subfield>
            <marc:subfield code="m">SAL</marc:subfield>
            <marc:subfield code="n">2</marc:subfield>
            <marc:subfield code="r">Y</marc:subfield>
            <marc:subfield code="s">Y</marc:subfield>
            <marc:subfield code="t">STKS-MONO</marc:subfield>
            <marc:subfield code="u">1/9/2008</marc:subfield>
            <marc:subfield code="x">RECYCLE</marc:subfield>
            <marc:subfield code="z">DIGI-SENT</marc:subfield>
        </marc:datafield>
    </marc:record>