
    <marc:record>
        <marc:leader>01228cam a2200325Ki 45 0</marc:leader>
        <marc:controlfield tag="001">a7000006</marc:controlfield>
        <marc:controlfield tag="003">SIRSI</marc:controlfield>
        <marc:controlfield tag="005">20150718050002.0</marc:controlfield>
        <marc:controlfield tag="008">070403s2007    fr b          000 0 fre d</marc:controlfield>
        <marc:datafield tag="020" ind1=" " ind2=" ">
            <marc:subfield code="a">9782866794446</marc:subfield>
        </marc:datafield>
        <marc:datafield tag="020" ind1=" " ind2=" ">
            <marc:subfield code="a">2866794443</marc:subfield>
        </marc:datafield>
        <marc:datafield tag="035" ind1=" " ind2=" ">
            <marc:subfield code="a">(OCoLC-M)123228761</marc:subfield>
        </marc:datafield>
        <marc:datafield tag="035" ind1=" " ind2=" ">
            <marc:subfield code="a">(OCoLC-I)276078545</marc:subfield>
        </marc:datafield>
        <marc:datafield tag="040" ind1=" " ind2=" ">
            <marc:subfield code="a">TZT</marc:subfield>
            <marc:subfield code="c">TZT</marc:subfield>
            <marc:subfield code="d">AUXAM</marc:subfield>
            <marc:subfield code="d">CUY</marc:subfield>
        </marc:datafield>
        <marc:datafield tag="043" ind1=" " ind2=" ">
            <marc:subfield code="a">a-vt---</marc:subfield>
        </marc:datafield>
        <marc:datafield tag="072" ind1=" " ind2="7">
            <marc:subfield code="a">BR</marc:subfield>
            <marc:subfield code="2">lcco</marc:subfield>
        </marc:datafield>
        <marc:datafield tag="082" ind1="1" ind2="4">
            <marc:subfield code="a">275</marc:subfield>
            <marc:subfield code="2">1</marc:subfield>
        </marc:datafield>
        <marc:datafield tag="090" ind1=" " ind2=" ">
            <marc:subfield code="a">BX4705.N53</marc:subfield>
            <marc:subfield code="b">V3613 2007</marc:subfield>
        </marc:datafield>
        <marc:datafield tag="100" ind1="1" ind2=" ">
            <marc:subfield code="a">Van Chau, Andre N.</marc:subfield>
            <marc:subfield code="=">^A2039071</marc:subfield>
        </marc:datafield>
        <marc:datafield tag="245" ind1="1" ind2="4">
            <marc:subfield code="a">Une vie d'espérance :</marc:subfield>
            <marc:subfield code="b">François-Xavier Nguyen Van Thuan, prisonnier politique, apôtre de la paix /</marc:subfield>
            <marc:subfield code="c">André Nguyen Van Chau ; traduit de l'anglais par Flora Sellin.</marc:subfield>
        </marc:datafield>
        <marc:datafield tag="260" ind1=" " ind2=" ">
            <marc:subfield code="a">Paris :</marc:subfield>
            <marc:subfield code="b">Sarment-Jubilé,</marc:subfield>
            <marc:subfield code="c">2007.</marc:subfield>
        </marc:datafield>
        <marc:datafield tag="300" ind1=" " ind2=" ">
            <marc:subfield code="a">375 p. :</marc:subfield>
            <marc:subfield code="b">map ;</marc:subfield>
            <marc:subfield code="c">22 cm.</marc:subfield>
        </marc:datafield>
        <marc:datafield tag="596" ind1=" " ind2=" ">
            <marc:subfield code="a">1</marc:subfield>
        </marc:datafield>
        <marc:datafield tag="600" ind1="1" ind2="0">
            <marc:subfield code="a">Nguyễn, Phanxicô Xaviê Văn Thuận,</marc:subfield>
            <marc:subfield code="d">1928-2002.</marc:subfield>
            <marc:subfield code="=">^A2039507</marc:subfield>
        </marc:datafield>
        <marc:datafield tag="650" ind1="1" ind2="0">
            <marc:subfield code="a">Political prisoners</marc:subfield>
            <marc:subfield code="z">Vietnam</marc:subfield>
            <marc:subfield code="v">Biography.</marc:subfield>
            <marc:subfield code="=">^A2524102</marc:subfield>
        </marc:datafield>
        <marc:datafield tag="650" ind1=" " ind2="0">
            <marc:subfield code="a">Cardinals</marc:subfield>
            <marc:subfield code="v">Biography.</marc:subfield>
            <marc:subfield code="=">^A2420517</marc:subfield>
        </marc:datafield>
        <marc:datafield tag="653" ind1=" " ind2=" ">
            <marc:subfield code="a">Christian church and bishops</marc:subfield>
            <marc:subfield code="a">Vietnam</marc:subfield>
            <marc:subfield code="a">Biography</marc:subfield>
        </marc:datafield>
        <marc:datafield tag="916" ind1=" " ind2=" ">
            <marc:subfield code="a">DATE CATALOGED</marc:subfield>
            <marc:subfield code="b">20080228</marc:subfield>
        </marc:datafield>
        <marc:datafield tag="994" ind1=" " ind2=" ">
            <marc:subfield code="a">Z0</marc:subfield>
            <marc:subfield code="b">STF</marc:subfield>
        </marc:datafield>
        <marc:datafield tag="999" ind1=" " ind2=" ">
            <marc:subfield code="a">BX4705 .N53 V3613 2007</marc:subfield>
            <marc:subfield code="w">LC</marc:subfield>
            <marc:subfield code="c">1</marc:subfield>
            <marc:subfield code="i">36105124280954</marc:subfield>
            <marc:subfield code="d">3/5/2014</marc:subfield>
            <marc:subfield code="e">1/26/2010</marc:subfield>
            <marc:subfield code="l">STACKS</marc:subfield>
            <marc:subfield code="m">GREEN</marc:subfield>
            <marc:subfield code="n">2</marc:subfield>
            <marc:subfield code="q">1</marc:subfield>
            <marc:subfield code="r">Y</marc:subfield>
            <marc:subfield code="s">Y</marc:subfield>
            <marc:subfield code="t">STKS-MONO</marc:subfield>
            <marc:subfield code="u">2/28/2008</marc:subfield>
            <marc:subfield code="z">DIGI-SENT</marc:subfield>
        </marc:datafield>
    </marc:record>