
    <marc:record>
        <marc:leader>02387cjm a2200493 a 4500</marc:leader>
        <marc:controlfield tag="001">a7000008</marc:controlfield>
        <marc:controlfield tag="003">SIRSI</marc:controlfield>
        <marc:controlfield tag="005">20150718050002.0</marc:controlfield>
        <marc:controlfield tag="007">sd*dmsdnnmslna</marc:controlfield>
        <marc:controlfield tag="008">070619s19uu    enkmun              ger d</marc:controlfield>
        <marc:datafield tag="028" ind1="0" ind2="0">
            <marc:subfield code="a">A.G.S.A.18</marc:subfield>
            <marc:subfield code="b">His Master's Voice</marc:subfield>
        </marc:datafield>
        <marc:datafield tag="028" ind1="3" ind2="0">
            <marc:subfield code="a">43898</marc:subfield>
            <marc:subfield code="b">His Master's Voice</marc:subfield>
        </marc:datafield>
        <marc:datafield tag="028" ind1="3" ind2="0">
            <marc:subfield code="a">2-43381</marc:subfield>
            <marc:subfield code="b">His Master's Voice</marc:subfield>
        </marc:datafield>
        <marc:datafield tag="028" ind1="1" ind2="0">
            <marc:subfield code="a">9890 U</marc:subfield>
            <marc:subfield code="b">His Master's Voice</marc:subfield>
        </marc:datafield>
        <marc:datafield tag="028" ind1="1" ind2="0">
            <marc:subfield code="a">15029 B</marc:subfield>
            <marc:subfield code="b">His Master's Voice</marc:subfield>
        </marc:datafield>
        <marc:datafield tag="033" ind1="0" ind2="0">
            <marc:subfield code="a">1906----</marc:subfield>
            <marc:subfield code="a">19101026</marc:subfield>
            <marc:subfield code="b">6494</marc:subfield>
            <marc:subfield code="c">V4</marc:subfield>
        </marc:datafield>
        <marc:datafield tag="035" ind1=" " ind2=" ">
            <marc:subfield code="a">(OCoLC-M)272579033</marc:subfield>
        </marc:datafield>
        <marc:datafield tag="035" ind1=" " ind2=" ">
            <marc:subfield code="a">(OCoLC-I)276078548</marc:subfield>
        </marc:datafield>
        <marc:datafield tag="040" ind1=" " ind2=" ">
            <marc:subfield code="a">CSt</marc:subfield>
            <marc:subfield code="c">CSt</marc:subfield>
        </marc:datafield>
        <marc:datafield tag="041" ind1="1" ind2=" ">
            <marc:subfield code="d">ger</marc:subfield>
            <marc:subfield code="h">lat</marc:subfield>
            <marc:subfield code="h">fre</marc:subfield>
        </marc:datafield>
        <marc:datafield tag="047" ind1=" " ind2=" ">
            <marc:subfield code="a">sg</marc:subfield>
            <marc:subfield code="a">op</marc:subfield>
        </marc:datafield>
        <marc:datafield tag="100" ind1="1" ind2=" ">
            <marc:subfield code="a">Tosti, F. Paolo</marc:subfield>
            <marc:subfield code="q">(Francesco Paolo),</marc:subfield>
            <marc:subfield code="d">1846-1916.</marc:subfield>
            <marc:subfield code="?">UNAUTHORIZED</marc:subfield>
        </marc:datafield>
        <marc:datafield tag="240" ind1="1" ind2="0">
            <marc:subfield code="a">Ave Maria.</marc:subfield>
            <marc:subfield code="l">German</marc:subfield>
            <marc:subfield code="?">UNAUTHORIZED</marc:subfield>
        </marc:datafield>
        <marc:datafield tag="245" ind1="1" ind2="0">
            <marc:subfield code="a">Ave Maria</marc:subfield>
            <marc:subfield code="h">[sound recording] /</marc:subfield>
            <marc:subfield code="c">Tosti.  Nützet die schönen Jungen Tage = Listen to the voice of youth : gavotte [from] Manon (Act 3) / Meilhac, Gille ; Gumbert ; Massenet.</marc:subfield>
        </marc:datafield>
        <marc:datafield tag="260" ind1=" " ind2=" ">
            <marc:subfield code="a">England :</marc:subfield>
            <marc:subfield code="b">His Master's Voice :</marc:subfield>
            <marc:subfield code="b">The Gramophone Co. Ltd.,</marc:subfield>
            <marc:subfield code="c">[19--]</marc:subfield>
        </marc:datafield>
        <marc:datafield tag="300" ind1=" " ind2=" ">
            <marc:subfield code="a">1 sound disc :</marc:subfield>
            <marc:subfield code="b">analog, 78 rpm, mono. ;</marc:subfield>
            <marc:subfield code="c">10 in.</marc:subfield>
        </marc:datafield>
        <marc:datafield tag="500" ind1=" " ind2=" ">
            <marc:subfield code="a">His Master's Voice: A.G.S.A.18; 9890 U (matrix), 15029 B (matrix); 43898, 2-43381 (additional nos. on labels).</marc:subfield>
        </marc:datafield>
        <marc:datafield tag="500" ind1=" " ind2=" ">
            <marc:subfield code="a">For soprano and piano (1st work) and orchestra (2nd work).</marc:subfield>
        </marc:datafield>
        <marc:datafield tag="500" ind1=" " ind2=" ">
            <marc:subfield code="a">&quot;Exclusive Limited Edition--Private Subscription Only.&quot;</marc:subfield>
        </marc:datafield>
        <marc:datafield tag="511" ind1="0" ind2=" ">
            <marc:subfield code="a">Selma Kurz, soprano; unidentified pianist and orchestra.</marc:subfield>
        </marc:datafield>
        <marc:datafield tag="518" ind1=" " ind2=" ">
            <marc:subfield code="a">Recorded in Vienna, in 1906 (1st work), and Oct. 26, 1910 (2nd work)--Cf. Kelly, A. His Master's Voice : the German catalogue, 1994.</marc:subfield>
        </marc:datafield>
        <marc:datafield tag="546" ind1=" " ind2=" ">
            <marc:subfield code="a">Sung in German; originally in Latin (1st work) and French (2nd work).</marc:subfield>
        </marc:datafield>
        <marc:datafield tag="596" ind1=" " ind2=" ">
            <marc:subfield code="a">5</marc:subfield>
        </marc:datafield>
        <marc:datafield tag="650" ind1=" " ind2="0">
            <marc:subfield code="a">Sacred songs (High voice) with piano.</marc:subfield>
            <marc:subfield code="=">^A1057648</marc:subfield>
        </marc:datafield>
        <marc:datafield tag="650" ind1=" " ind2="0">
            <marc:subfield code="a">Operas</marc:subfield>
            <marc:subfield code="v">Excerpts.</marc:subfield>
            <marc:subfield code="=">^A1045276</marc:subfield>
        </marc:datafield>
        <marc:datafield tag="700" ind1="1" ind2=" ">
            <marc:subfield code="a">Meilhac, Henri,</marc:subfield>
            <marc:subfield code="d">1831-1897</marc:subfield>
            <marc:subfield code="4">lbt</marc:subfield>
            <marc:subfield code="=">^A126871</marc:subfield>
        </marc:datafield>
        <marc:datafield tag="700" ind1="1" ind2=" ">
            <marc:subfield code="a">Gille, Philippe,</marc:subfield>
            <marc:subfield code="d">1831-1901.</marc:subfield>
            <marc:subfield code="4">lbt</marc:subfield>
            <marc:subfield code="=">^A328150</marc:subfield>
        </marc:datafield>
        <marc:datafield tag="700" ind1="1" ind2=" ">
            <marc:subfield code="a">Gumbert, Ferdinand,</marc:subfield>
            <marc:subfield code="d">1818-1896</marc:subfield>
            <marc:subfield code="4">asn</marc:subfield>
            <marc:subfield code="=">^A1982127</marc:subfield>
        </marc:datafield>
        <marc:datafield tag="700" ind1="1" ind2=" ">
            <marc:subfield code="a">Kurz, Selma,</marc:subfield>
            <marc:subfield code="d">1874-1933.</marc:subfield>
            <marc:subfield code="4">prf</marc:subfield>
            <marc:subfield code="=">^A302160</marc:subfield>
        </marc:datafield>
        <marc:datafield tag="700" ind1="1" ind2="2">
            <marc:subfield code="a">Massenet, Jules,</marc:subfield>
            <marc:subfield code="d">1842-1912.</marc:subfield>
            <marc:subfield code="t">Manon.</marc:subfield>
            <marc:subfield code="p">Obéissons quand leur voix appelle.</marc:subfield>
            <marc:subfield code="l">German.</marc:subfield>
            <marc:subfield code="=">^A1709476</marc:subfield>
        </marc:datafield>
        <marc:datafield tag="740" ind1="0" ind2="2">
            <marc:subfield code="a">Nützet die schönen Jungen Tage.</marc:subfield>
        </marc:datafield>
        <marc:datafield tag="740" ind1="0" ind2="2">
            <marc:subfield code="a">Listen to the voice of youth.</marc:subfield>
        </marc:datafield>
        <marc:datafield tag="916" ind1=" " ind2=" ">
            <marc:subfield code="a">DATE CATALOGED</marc:subfield>
            <marc:subfield code="b">20071109</marc:subfield>
        </marc:datafield>
        <marc:datafield tag="999" ind1=" " ind2=" ">
            <marc:subfield code="a">GRAMOPHONE AGSA-18</marc:subfield>
            <marc:subfield code="w">ASIS</marc:subfield>
            <marc:subfield code="c">1</marc:subfield>
            <marc:subfield code="i">36105011224602</marc:subfield>
            <marc:subfield code="l">STACKS</marc:subfield>
            <marc:subfield code="m">ARS</marc:subfield>
            <marc:subfield code="r">Y</marc:subfield>
            <marc:subfield code="s">Y</marc:subfield>
            <marc:subfield code="t">NH-RCORDNG</marc:subfield>
            <marc:subfield code="u">11/8/2007</marc:subfield>
            <marc:subfield code="o">.PUBLIC. Original record sleeve lacking</marc:subfield>
        </marc:datafield>
    </marc:record>