
    <marc:record>
        <marc:leader>01059cam a2200241K  4500</marc:leader>
        <marc:controlfield tag="001">a7000011</marc:controlfield>
        <marc:controlfield tag="003">SIRSI</marc:controlfield>
        <marc:controlfield tag="005">20150718050002.0</marc:controlfield>
        <marc:controlfield tag="008">790406s1892    au f          000 0 ger d</marc:controlfield>
        <marc:datafield tag="035" ind1=" " ind2=" ">
            <marc:subfield code="a">(OCoLC-M)4830947</marc:subfield>
        </marc:datafield>
        <marc:datafield tag="035" ind1=" " ind2=" ">
            <marc:subfield code="a">(OCoLC-I)276078552</marc:subfield>
        </marc:datafield>
        <marc:datafield tag="040" ind1=" " ind2=" ">
            <marc:subfield code="a">COO</marc:subfield>
            <marc:subfield code="c">COO</marc:subfield>
            <marc:subfield code="d">OCLCQ</marc:subfield>
        </marc:datafield>
        <marc:datafield tag="090" ind1=" " ind2=" ">
            <marc:subfield code="a">AS142</marc:subfield>
            <marc:subfield code="b">.V655 v.59 no.1</marc:subfield>
        </marc:datafield>
        <marc:datafield tag="100" ind1="1" ind2=" ">
            <marc:subfield code="a">Neumayr, Melchior,</marc:subfield>
            <marc:subfield code="d">1845-1890.</marc:subfield>
            <marc:subfield code="=">^A1772584</marc:subfield>
        </marc:datafield>
        <marc:datafield tag="245" ind1="1" ind2="0">
            <marc:subfield code="a">Über die von H. Abich im Kaukasus gesammelten Jurafossilien,</marc:subfield>
            <marc:subfield code="c">von M. Neumayr und V. Uhlig.</marc:subfield>
        </marc:datafield>
        <marc:datafield tag="260" ind1=" " ind2=" ">
            <marc:subfield code="a">[Wien,</marc:subfield>
            <marc:subfield code="b">K.K. Hof- und Staatsdruckerei,</marc:subfield>
            <marc:subfield code="c">1892]</marc:subfield>
        </marc:datafield>
        <marc:datafield tag="300" ind1=" " ind2=" ">
            <marc:subfield code="a">122 p.</marc:subfield>
            <marc:subfield code="b">6 plates.</marc:subfield>
            <marc:subfield code="c">29 cm.</marc:subfield>
        </marc:datafield>
        <marc:datafield tag="490" ind1="1" ind2=" ">
            <marc:subfield code="a">Akademie der Wissenschaften, Vienna. Mathematisch-naturwissenschaftliche Klasse. Denkschriften,</marc:subfield>
            <marc:subfield code="v">Bd. 59</marc:subfield>
        </marc:datafield>
        <marc:datafield tag="596" ind1=" " ind2=" ">
            <marc:subfield code="a">20</marc:subfield>
        </marc:datafield>
        <marc:datafield tag="830" ind1=" " ind2="0">
            <marc:subfield code="a">Denkschriften (Österreichische Akademie der Wissenschaften. Mathematisch-Naturwissenschaftliche Klasse)</marc:subfield>
            <marc:subfield code="v">Bd. 59.</marc:subfield>
            <marc:subfield code="=">^A1130042</marc:subfield>
        </marc:datafield>
        <marc:datafield tag="916" ind1=" " ind2=" ">
            <marc:subfield code="a">DATE CATALOGED</marc:subfield>
            <marc:subfield code="b">20071108</marc:subfield>
        </marc:datafield>
        <marc:datafield tag="994" ind1=" " ind2=" ">
            <marc:subfield code="a">Z0</marc:subfield>
            <marc:subfield code="b">STF</marc:subfield>
        </marc:datafield>
        <marc:datafield tag="999" ind1=" " ind2=" ">
            <marc:subfield code="a">063 .V661D V.59:1ST IN VOL.</marc:subfield>
            <marc:subfield code="w">DEWEY</marc:subfield>
            <marc:subfield code="c">1</marc:subfield>
            <marc:subfield code="i">36105129008293</marc:subfield>
            <marc:subfield code="d">3/26/2009</marc:subfield>
            <marc:subfield code="e">3/18/2009</marc:subfield>
            <marc:subfield code="l">SAL-FOLIO</marc:subfield>
            <marc:subfield code="m">SAL</marc:subfield>
            <marc:subfield code="r">Y</marc:subfield>
            <marc:subfield code="s">Y</marc:subfield>
            <marc:subfield code="t">STKS-MONO</marc:subfield>
            <marc:subfield code="u">11/8/2007</marc:subfield>
            <marc:subfield code="x">BW-PARENT</marc:subfield>
            <marc:subfield code="z">DIGI-SENT</marc:subfield>
        </marc:datafield>
    </marc:record>