
    <marc:record>
        <marc:leader>01672cam a22004214a 4500</marc:leader>
        <marc:controlfield tag="001">a7000012</marc:controlfield>
        <marc:controlfield tag="003">SIRSI</marc:controlfield>
        <marc:controlfield tag="005">20150718050002.0</marc:controlfield>
        <marc:controlfield tag="008">000114s2000    nyub     b    001 0 eng  </marc:controlfield>
        <marc:datafield tag="010" ind1=" " ind2=" ">
            <marc:subfield code="a">   00021940</marc:subfield>
        </marc:datafield>
        <marc:datafield tag="020" ind1=" " ind2=" ">
            <marc:subfield code="a">0385413637 (alk. paper)</marc:subfield>
        </marc:datafield>
        <marc:datafield tag="020" ind1=" " ind2=" ">
            <marc:subfield code="a">9780385413633 (alk. paper)</marc:subfield>
        </marc:datafield>
        <marc:datafield tag="035" ind1=" " ind2=" ">
            <marc:subfield code="a">(OCoLC-M)43385151</marc:subfield>
        </marc:datafield>
        <marc:datafield tag="035" ind1=" " ind2=" ">
            <marc:subfield code="a">(OCoLC-I)270513437</marc:subfield>
        </marc:datafield>
        <marc:datafield tag="040" ind1=" " ind2=" ">
            <marc:subfield code="a">DLC</marc:subfield>
            <marc:subfield code="c">DLC</marc:subfield>
            <marc:subfield code="d">MUQ</marc:subfield>
            <marc:subfield code="d">BAKER</marc:subfield>
            <marc:subfield code="d">NLGGC</marc:subfield>
            <marc:subfield code="d">BTCTA</marc:subfield>
            <marc:subfield code="d">YDXCP</marc:subfield>
        </marc:datafield>
        <marc:datafield tag="042" ind1=" " ind2=" ">
            <marc:subfield code="a">pcc</marc:subfield>
        </marc:datafield>
        <marc:datafield tag="050" ind1="0" ind2="0">
            <marc:subfield code="a">BS192.2.A1 1964</marc:subfield>
            <marc:subfield code="b">.G3 vol. 37B</marc:subfield>
            <marc:subfield code="a">BS2795.3</marc:subfield>
        </marc:datafield>
        <marc:datafield tag="082" ind1="0" ind2="0">
            <marc:subfield code="a">220.7/7 s</marc:subfield>
            <marc:subfield code="a">227/.92077</marc:subfield>
            <marc:subfield code="2">21</marc:subfield>
        </marc:datafield>
        <marc:datafield tag="084" ind1=" " ind2=" ">
            <marc:subfield code="a">11.46</marc:subfield>
            <marc:subfield code="2">bcl</marc:subfield>
        </marc:datafield>
        <marc:datafield tag="130" ind1="0" ind2=" ">
            <marc:subfield code="a">Bible.</marc:subfield>
            <marc:subfield code="p">Peter, 1st</marc:subfield>
            <marc:subfield code="l">English.</marc:subfield>
            <marc:subfield code="s">Elliott.</marc:subfield>
            <marc:subfield code="f">2000.</marc:subfield>
            <marc:subfield code="=">^A956563</marc:subfield>
        </marc:datafield>
        <marc:datafield tag="245" ind1="1" ind2="0">
            <marc:subfield code="a">1 Peter :</marc:subfield>
            <marc:subfield code="b">a new translation with introduction and commentary /</marc:subfield>
            <marc:subfield code="c">John H. Elliott.</marc:subfield>
        </marc:datafield>
        <marc:datafield tag="246" ind1="3" ind2=" ">
            <marc:subfield code="a">First Peter</marc:subfield>
        </marc:datafield>
        <marc:datafield tag="250" ind1=" " ind2=" ">
            <marc:subfield code="a">1st ed.</marc:subfield>
        </marc:datafield>
        <marc:datafield tag="260" ind1=" " ind2=" ">
            <marc:subfield code="a">New York :</marc:subfield>
            <marc:subfield code="b">Doubleday,</marc:subfield>
            <marc:subfield code="c">c2000.</marc:subfield>
        </marc:datafield>
        <marc:datafield tag="300" ind1=" " ind2=" ">
            <marc:subfield code="a">xxiii, 956 p. :</marc:subfield>
            <marc:subfield code="b">maps ;</marc:subfield>
            <marc:subfield code="c">24 cm.</marc:subfield>
        </marc:datafield>
        <marc:datafield tag="490" ind1="1" ind2=" ">
            <marc:subfield code="a">The Anchor Bible ;</marc:subfield>
            <marc:subfield code="v">v. 37B</marc:subfield>
        </marc:datafield>
        <marc:datafield tag="504" ind1=" " ind2=" ">
            <marc:subfield code="a">Includes bibliographical references and indexes.</marc:subfield>
        </marc:datafield>
        <marc:datafield tag="596" ind1=" " ind2=" ">
            <marc:subfield code="a">1</marc:subfield>
        </marc:datafield>
        <marc:datafield tag="630" ind1="0" ind2="0">
            <marc:subfield code="a">Bible.</marc:subfield>
            <marc:subfield code="p">Peter, 1st</marc:subfield>
            <marc:subfield code="v">Commentaries.</marc:subfield>
            <marc:subfield code="=">^A956563</marc:subfield>
        </marc:datafield>
        <marc:datafield tag="630" ind1="0" ind2="6">
            <marc:subfield code="a">Bible.</marc:subfield>
            <marc:subfield code="p">N.T.</marc:subfield>
            <marc:subfield code="p">Pierre, 1re</marc:subfield>
            <marc:subfield code="v">Commentaires.</marc:subfield>
        </marc:datafield>
        <marc:datafield tag="650" ind1="1" ind2="7">
            <marc:subfield code="a">I Petrus (bijbelboek)</marc:subfield>
            <marc:subfield code="2">gtt</marc:subfield>
        </marc:datafield>
        <marc:datafield tag="700" ind1="1" ind2=" ">
            <marc:subfield code="a">Elliott, John Hall.</marc:subfield>
            <marc:subfield code="=">^A208411</marc:subfield>
        </marc:datafield>
        <marc:datafield tag="830" ind1=" " ind2="0">
            <marc:subfield code="a">Bible.</marc:subfield>
            <marc:subfield code="l">English.</marc:subfield>
            <marc:subfield code="s">Anchor Bible.</marc:subfield>
            <marc:subfield code="f">1964</marc:subfield>
            <marc:subfield code="v">v. 37B.</marc:subfield>
            <marc:subfield code="=">^A1127560</marc:subfield>
        </marc:datafield>
        <marc:datafield tag="856" ind1="4" ind2="2">
            <marc:subfield code="3">Contributor biographical information</marc:subfield>
            <marc:subfield code="u">http://www.loc.gov/catdir/bios/random052/00021940.html</marc:subfield>
        </marc:datafield>
        <marc:datafield tag="856" ind1="4" ind2="2">
            <marc:subfield code="3">Publisher description</marc:subfield>
            <marc:subfield code="u">http://www.loc.gov/catdir/description/random043/00021940.html</marc:subfield>
        </marc:datafield>
        <marc:datafield tag="916" ind1=" " ind2=" ">
            <marc:subfield code="a">DATE CATALOGED</marc:subfield>
            <marc:subfield code="b">20071108</marc:subfield>
        </marc:datafield>
        <marc:datafield tag="994" ind1=" " ind2=" ">
            <marc:subfield code="a">Z0</marc:subfield>
            <marc:subfield code="b">STF</marc:subfield>
        </marc:datafield>
        <marc:datafield tag="999" ind1=" " ind2=" ">
            <marc:subfield code="a">BS192.2 .A1 1964 .G3 V.37B</marc:subfield>
            <marc:subfield code="w">LC</marc:subfield>
            <marc:subfield code="c">1</marc:subfield>
            <marc:subfield code="i">36105124258406</marc:subfield>
            <marc:subfield code="d">8/19/2011</marc:subfield>
            <marc:subfield code="e">8/9/2011</marc:subfield>
            <marc:subfield code="l">STACKS</marc:subfield>
            <marc:subfield code="m">GREEN</marc:subfield>
            <marc:subfield code="n">2</marc:subfield>
            <marc:subfield code="r">Y</marc:subfield>
            <marc:subfield code="s">Y</marc:subfield>
            <marc:subfield code="t">STKS-MONO</marc:subfield>
            <marc:subfield code="u">11/8/2007</marc:subfield>
            <marc:subfield code="z">DIGI-SENT</marc:subfield>
        </marc:datafield>
    </marc:record>