
    <marc:record>
        <marc:leader>01202cam a2200325   45 0</marc:leader>
        <marc:controlfield tag="001">a7000013</marc:controlfield>
        <marc:controlfield tag="003">SIRSI</marc:controlfield>
        <marc:controlfield tag="005">20150718050002.0</marc:controlfield>
        <marc:controlfield tag="008">730411s1971    dcua          000 0 eng  </marc:controlfield>
        <marc:datafield tag="010" ind1=" " ind2=" ">
            <marc:subfield code="a">   73158903</marc:subfield>
        </marc:datafield>
        <marc:datafield tag="040" ind1=" " ind2=" ">
            <marc:subfield code="a">DLC</marc:subfield>
            <marc:subfield code="c">DLC</marc:subfield>
            <marc:subfield code="d">DNU</marc:subfield>
            <marc:subfield code="d">BTCTA</marc:subfield>
            <marc:subfield code="d">LVB</marc:subfield>
        </marc:datafield>
        <marc:datafield tag="035" ind1=" " ind2=" ">
            <marc:subfield code="a">(OCoLC)622917</marc:subfield>
        </marc:datafield>
        <marc:datafield tag="043" ind1=" " ind2=" ">
            <marc:subfield code="a">n-us---</marc:subfield>
        </marc:datafield>
        <marc:datafield tag="050" ind1="0" ind2="0">
            <marc:subfield code="a">KF3615.Z95</marc:subfield>
            <marc:subfield code="b">E45 1971</marc:subfield>
        </marc:datafield>
        <marc:datafield tag="082" ind1="0" ind2="0">
            <marc:subfield code="a">344/.73/021</marc:subfield>
        </marc:datafield>
        <marc:datafield tag="086" ind1="0" ind2=" ">
            <marc:subfield code="a">L 36.3:212</marc:subfield>
        </marc:datafield>
        <marc:datafield tag="110" ind1="1" ind2=" ">
            <marc:subfield code="a">United States.</marc:subfield>
            <marc:subfield code="b">Employment Standards Administration.</marc:subfield>
            <marc:subfield code="=">^A153146</marc:subfield>
        </marc:datafield>
        <marc:datafield tag="245" ind1="1" ind2="0">
            <marc:subfield code="a">State workmen's compensation laws;</marc:subfield>
            <marc:subfield code="b">a comparison of major provisions with recommended standards.</marc:subfield>
        </marc:datafield>
        <marc:datafield tag="250" ind1=" " ind2=" ">
            <marc:subfield code="a">Rev.</marc:subfield>
        </marc:datafield>
        <marc:datafield tag="260" ind1=" " ind2=" ">
            <marc:subfield code="a">[Washington,</marc:subfield>
            <marc:subfield code="b">For sale by the Supt. of Docs., U.S. Govt. Print. Off.]</marc:subfield>
            <marc:subfield code="c">1971.</marc:subfield>
        </marc:datafield>
        <marc:datafield tag="300" ind1=" " ind2=" ">
            <marc:subfield code="a">48 p.</marc:subfield>
            <marc:subfield code="b">illus.</marc:subfield>
            <marc:subfield code="c">21 x 27 cm.</marc:subfield>
        </marc:datafield>
        <marc:datafield tag="490" ind1="1" ind2=" ">
            <marc:subfield code="a">Bulletin</marc:subfield>
            <marc:subfield code="v">212</marc:subfield>
        </marc:datafield>
        <marc:datafield tag="500" ind1=" " ind2=" ">
            <marc:subfield code="a">Cover title.</marc:subfield>
        </marc:datafield>
        <marc:datafield tag="650" ind1=" " ind2="0">
            <marc:subfield code="a">Workers' compensation</marc:subfield>
            <marc:subfield code="x">Law and legislation</marc:subfield>
            <marc:subfield code="z">United States</marc:subfield>
            <marc:subfield code="x">States.</marc:subfield>
            <marc:subfield code="=">^A2596159</marc:subfield>
        </marc:datafield>
        <marc:datafield tag="650" ind1=" " ind2="6">
            <marc:subfield code="a">Travail</marc:subfield>
            <marc:subfield code="x">Accidents</marc:subfield>
            <marc:subfield code="x">Droit</marc:subfield>
            <marc:subfield code="z">États-Unis</marc:subfield>
            <marc:subfield code="x">États.</marc:subfield>
        </marc:datafield>
        <marc:datafield tag="830" ind1=" " ind2="0">
            <marc:subfield code="a">Bulletin (United States. Employment Standards Administration) ;</marc:subfield>
            <marc:subfield code="v">212.</marc:subfield>
            <marc:subfield code="=">^A1813966</marc:subfield>
        </marc:datafield>
        <marc:datafield tag="916" ind1=" " ind2=" ">
            <marc:subfield code="a">DATE CATALOGED</marc:subfield>
            <marc:subfield code="b">NEVER</marc:subfield>
        </marc:datafield>
        <marc:datafield tag="994" ind1=" " ind2=" ">
            <marc:subfield code="a">Z0</marc:subfield>
            <marc:subfield code="b">STF</marc:subfield>
        </marc:datafield>
        <marc:datafield tag="596" ind1=" " ind2=" ">
            <marc:subfield code="a">1</marc:subfield>
        </marc:datafield>
        <marc:datafield tag="999" ind1=" " ind2=" ">
            <marc:subfield code="a">L 36.3:212</marc:subfield>
            <marc:subfield code="w">SUDOC</marc:subfield>
            <marc:subfield code="c">1</marc:subfield>
            <marc:subfield code="i">36105130080190</marc:subfield>
            <marc:subfield code="l">FED-DOCS</marc:subfield>
            <marc:subfield code="m">GREEN</marc:subfield>
            <marc:subfield code="r">Y</marc:subfield>
            <marc:subfield code="s">Y</marc:subfield>
            <marc:subfield code="t">GOVSTKS</marc:subfield>
            <marc:subfield code="u">11/8/2007</marc:subfield>
        </marc:datafield>
    </marc:record>