
    <marc:record>
        <marc:leader>02825cam a22004218a 4500</marc:leader>
        <marc:controlfield tag="001">a7000014</marc:controlfield>
        <marc:controlfield tag="003">SIRSI</marc:controlfield>
        <marc:controlfield tag="005">20150718050002.0</marc:controlfield>
        <marc:controlfield tag="008">060830s2007    maua     b    001 0 eng  </marc:controlfield>
        <marc:datafield tag="010" ind1=" " ind2=" ">
            <marc:subfield code="a">  2006903043</marc:subfield>
        </marc:datafield>
        <marc:datafield tag="015" ind1=" " ind2=" ">
            <marc:subfield code="a">GBA678282</marc:subfield>
            <marc:subfield code="2">bnb</marc:subfield>
        </marc:datafield>
        <marc:datafield tag="020" ind1=" " ind2=" ">
            <marc:subfield code="a">9780300111620 (Yale, cloth)</marc:subfield>
        </marc:datafield>
        <marc:datafield tag="020" ind1=" " ind2=" ">
            <marc:subfield code="a">0300111622 (Yale, cloth)</marc:subfield>
        </marc:datafield>
        <marc:datafield tag="020" ind1=" " ind2=" ">
            <marc:subfield code="a">9780875772110 (Peabody, paperbound)</marc:subfield>
        </marc:datafield>
        <marc:datafield tag="020" ind1=" " ind2=" ">
            <marc:subfield code="a">0875772110 (Peabody, paperbound)</marc:subfield>
        </marc:datafield>
        <marc:datafield tag="035" ind1=" " ind2=" ">
            <marc:subfield code="a">(OCoLC-M)71347273</marc:subfield>
        </marc:datafield>
        <marc:datafield tag="035" ind1=" " ind2=" ">
            <marc:subfield code="a">(OCoLC-I)276078556</marc:subfield>
        </marc:datafield>
        <marc:datafield tag="040" ind1=" " ind2=" ">
            <marc:subfield code="a">UKM</marc:subfield>
            <marc:subfield code="c">UKM</marc:subfield>
            <marc:subfield code="d">BAKER</marc:subfield>
            <marc:subfield code="d">BTCTA</marc:subfield>
            <marc:subfield code="d">BWX</marc:subfield>
            <marc:subfield code="d">YDXCP</marc:subfield>
            <marc:subfield code="d">SUC</marc:subfield>
        </marc:datafield>
        <marc:datafield tag="043" ind1=" " ind2=" ">
            <marc:subfield code="a">n-us---</marc:subfield>
        </marc:datafield>
        <marc:datafield tag="082" ind1="0" ind2="4">
            <marc:subfield code="a">709.2</marc:subfield>
            <marc:subfield code="2">22</marc:subfield>
        </marc:datafield>
        <marc:datafield tag="090" ind1=" " ind2=" ">
            <marc:subfield code="a">N6537.C66</marc:subfield>
            <marc:subfield code="b">A4 2007</marc:subfield>
        </marc:datafield>
        <marc:datafield tag="100" ind1="1" ind2=" ">
            <marc:subfield code="a">Cornell, Joseph.</marc:subfield>
            <marc:subfield code="=">^A11597</marc:subfield>
        </marc:datafield>
        <marc:datafield tag="245" ind1="1" ind2="0">
            <marc:subfield code="a">Joseph Cornell :</marc:subfield>
            <marc:subfield code="b">navigating the imagination /</marc:subfield>
            <marc:subfield code="c">Lynda Roscoe Hartigan.</marc:subfield>
        </marc:datafield>
        <marc:datafield tag="260" ind1=" " ind2=" ">
            <marc:subfield code="a">Salem, Mass. :</marc:subfield>
            <marc:subfield code="b">Peabody Essex Museum ;</marc:subfield>
            <marc:subfield code="a">New Haven, Conn. ;</marc:subfield>
            <marc:subfield code="a">London :</marc:subfield>
            <marc:subfield code="b">in association with Yale University Press,</marc:subfield>
            <marc:subfield code="c">2007.</marc:subfield>
        </marc:datafield>
        <marc:datafield tag="263" ind1=" " ind2=" ">
            <marc:subfield code="a">200701</marc:subfield>
        </marc:datafield>
        <marc:datafield tag="300" ind1=" " ind2=" ">
            <marc:subfield code="a">391 p. :</marc:subfield>
            <marc:subfield code="b">chiefly ill. (chiefly col.) ;</marc:subfield>
            <marc:subfield code="c">30 cm.</marc:subfield>
        </marc:datafield>
        <marc:datafield tag="504" ind1=" " ind2=" ">
            <marc:subfield code="a">Includes bibliographical references (p. 377-384) and index.</marc:subfield>
        </marc:datafield>
        <marc:datafield tag="596" ind1=" " ind2=" ">
            <marc:subfield code="a">2</marc:subfield>
        </marc:datafield>
        <marc:datafield tag="600" ind1="1" ind2="0">
            <marc:subfield code="a">Cornell, Joseph.</marc:subfield>
            <marc:subfield code="=">^A11597</marc:subfield>
        </marc:datafield>
        <marc:datafield tag="650" ind1=" " ind2="0">
            <marc:subfield code="a">Assemblage (Art)</marc:subfield>
            <marc:subfield code="=">^A994839</marc:subfield>
        </marc:datafield>
        <marc:datafield tag="650" ind1=" " ind2="0">
            <marc:subfield code="a">Surrealism</marc:subfield>
            <marc:subfield code="z">United States.</marc:subfield>
            <marc:subfield code="=">^A1066200</marc:subfield>
        </marc:datafield>
        <marc:datafield tag="700" ind1="1" ind2=" ">
            <marc:subfield code="a">Hartigan, Lynda Roscoe.</marc:subfield>
            <marc:subfield code="=">^A278630</marc:subfield>
        </marc:datafield>
        <marc:datafield tag="710" ind1="2" ind2=" ">
            <marc:subfield code="a">Peabody Essex Museum.</marc:subfield>
            <marc:subfield code="=">^A883380</marc:subfield>
        </marc:datafield>
        <marc:datafield tag="916" ind1=" " ind2=" ">
            <marc:subfield code="a">DATE CATALOGED</marc:subfield>
            <marc:subfield code="b">20071126</marc:subfield>
        </marc:datafield>
        <marc:datafield tag="994" ind1=" " ind2=" ">
            <marc:subfield code="a">Z0</marc:subfield>
            <marc:subfield code="b">STF</marc:subfield>
        </marc:datafield>
        <marc:datafield tag="016" ind1="7" ind2=" ">
            <marc:subfield code="a">013552249</marc:subfield>
            <marc:subfield code="2">Uk</marc:subfield>
        </marc:datafield>
        <marc:datafield tag="920" ind1=" " ind2=" ">
            <marc:subfield code="b">Joseph Cornell (1903-1972) was a self-taught yet highly sophisticated artist who is celebrated for his pioneering achievement in the art of assemblage, often in the form of box constructions. Cornell's lyrical compositions combine found materials in ways that reflect a highly personal exploration of art and culture and that represent his belief in art as an uplifting voyage into the imagination. This stunning book is published to accompany the first retrospective of the artist's work in over twenty-five years. In this volume, Cornell scholar Lynda Roscoe Hartigan addresses his evolution and positioning as an American artist who developed a singular style of seeing. His transformation of found materials, distillation of far-flung ideas and traditions, and mingling of the vernacular and the erudite all resonate with the spirit of synthetic innovation associated with American art and culture. There are seven thematic sections: Cabinets of Curiosity, Dream Machines, Bouquets of Homage, Nature's Theatre, Geographies of the Heavens, Crystal Cages, and Chambers of Time; these sections explore the major recurring ideas that have shaped his work.  The book will also include an introduction, a bibliography, numerous illustrations of the artist's source material, and much more.</marc:subfield>
            <marc:subfield code="1">Nielsen</marc:subfield>
        </marc:datafield>
        <marc:datafield tag="999" ind1=" " ind2=" ">
            <marc:subfield code="a">N6537 .C66 A4 2007 F</marc:subfield>
            <marc:subfield code="w">LC</marc:subfield>
            <marc:subfield code="c">1</marc:subfield>
            <marc:subfield code="i">36105129815630</marc:subfield>
            <marc:subfield code="d">6/29/2015</marc:subfield>
            <marc:subfield code="e">6/15/2015</marc:subfield>
            <marc:subfield code="l">STACKS</marc:subfield>
            <marc:subfield code="m">ART</marc:subfield>
            <marc:subfield code="n">30</marc:subfield>
            <marc:subfield code="q">6</marc:subfield>
            <marc:subfield code="r">Y</marc:subfield>
            <marc:subfield code="s">Y</marc:subfield>
            <marc:subfield code="t">STKS-MONO</marc:subfield>
            <marc:subfield code="u">11/26/2007</marc:subfield>
        </marc:datafield>
    </marc:record>