
    <marc:record>
        <marc:leader>01704nam a2200445Ia 4500</marc:leader>
        <marc:controlfield tag="001">a7000019</marc:controlfield>
        <marc:controlfield tag="003">SIRSI</marc:controlfield>
        <marc:controlfield tag="005">20150718050002.0</marc:controlfield>
        <marc:controlfield tag="008">071108s2006    ua            000 0cara  </marc:controlfield>
        <marc:datafield tag="010" ind1=" " ind2=" ">
            <marc:subfield code="a">  2006309907</marc:subfield>
        </marc:datafield>
        <marc:datafield tag="020" ind1=" " ind2=" ">
            <marc:subfield code="a">9776174078</marc:subfield>
        </marc:datafield>
        <marc:datafield tag="020" ind1=" " ind2=" ">
            <marc:subfield code="a">9789776174078</marc:subfield>
        </marc:datafield>
        <marc:datafield tag="040" ind1=" " ind2=" ">
            <marc:subfield code="a">DLC-R</marc:subfield>
            <marc:subfield code="c">STF</marc:subfield>
        </marc:datafield>
        <marc:datafield tag="042" ind1=" " ind2=" ">
            <marc:subfield code="a">pcc</marc:subfield>
            <marc:subfield code="a">lcode</marc:subfield>
        </marc:datafield>
        <marc:datafield tag="049" ind1=" " ind2=" ">
            <marc:subfield code="a">STFA</marc:subfield>
        </marc:datafield>
        <marc:datafield tag="050" ind1="0" ind2="0">
            <marc:subfield code="a">BP70</marc:subfield>
            <marc:subfield code="b">.I74 2006</marc:subfield>
        </marc:datafield>
        <marc:datafield tag="079" ind1=" " ind2=" ">
            <marc:subfield code="a">ocm70170980</marc:subfield>
        </marc:datafield>
        <marc:datafield tag="100" ind1="1" ind2=" ">
            <marc:subfield code="6">880-01</marc:subfield>
            <marc:subfield code="a">Ismāʻīl, Maḥmūd.</marc:subfield>
            <marc:subfield code="=">^A1329699</marc:subfield>
        </marc:datafield>
        <marc:datafield tag="245" ind1="1" ind2="3">
            <marc:subfield code="6">880-02</marc:subfield>
            <marc:subfield code="a">al-Fikr al-Islāmī al-ḥadīth :</marc:subfield>
            <marc:subfield code="b">bayna al-salafīyīn wa-al-mujaddidīn /</marc:subfield>
            <marc:subfield code="c">Maḥmūd Ismāʻīl.</marc:subfield>
        </marc:datafield>
        <marc:datafield tag="250" ind1=" " ind2=" ">
            <marc:subfield code="6">880-03</marc:subfield>
            <marc:subfield code="a">al-Ṭabʻah 1.</marc:subfield>
        </marc:datafield>
        <marc:datafield tag="260" ind1=" " ind2=" ">
            <marc:subfield code="6">880-04</marc:subfield>
            <marc:subfield code="a">al-Qāhirah :</marc:subfield>
            <marc:subfield code="b">Ruʼyah lil-Nashr wa-al-Tawzīʻ,</marc:subfield>
            <marc:subfield code="c">2006.</marc:subfield>
        </marc:datafield>
        <marc:datafield tag="300" ind1=" " ind2=" ">
            <marc:subfield code="a">205 p. ;</marc:subfield>
            <marc:subfield code="c">22 cm.</marc:subfield>
        </marc:datafield>
        <marc:datafield tag="490" ind1="0" ind2=" ">
            <marc:subfield code="6">880-05</marc:subfield>
            <marc:subfield code="a">Marāyā al-kitāb</marc:subfield>
        </marc:datafield>
        <marc:datafield tag="650" ind1=" " ind2="0">
            <marc:subfield code="a">Muslim scholars</marc:subfield>
            <marc:subfield code="v">Biography</marc:subfield>
            <marc:subfield code="=">^A2105891</marc:subfield>
        </marc:datafield>
        <marc:datafield tag="650" ind1=" " ind2="0">
            <marc:subfield code="a">Reformers</marc:subfield>
            <marc:subfield code="v">Biography.</marc:subfield>
            <marc:subfield code="=">^A1055365</marc:subfield>
        </marc:datafield>
        <marc:datafield tag="650" ind1=" " ind2="0">
            <marc:subfield code="a">Islam</marc:subfield>
            <marc:subfield code="x">History.</marc:subfield>
            <marc:subfield code="=">^A1080575</marc:subfield>
        </marc:datafield>
        <marc:datafield tag="650" ind1=" " ind2="0">
            <marc:subfield code="a">Islam</marc:subfield>
            <marc:subfield code="y">21st century.</marc:subfield>
            <marc:subfield code="=">^A1522256</marc:subfield>
        </marc:datafield>
        <marc:datafield tag="650" ind1=" " ind2="0">
            <marc:subfield code="a">Islamic renewal.</marc:subfield>
            <marc:subfield code="=">^A1252448</marc:subfield>
        </marc:datafield>
        <marc:datafield tag="650" ind1=" " ind2="0">
            <marc:subfield code="a">Islamic fundamentalism.</marc:subfield>
            <marc:subfield code="=">^A1082288</marc:subfield>
        </marc:datafield>
        <marc:datafield tag="880" ind1="1" ind2=" ">
            <marc:subfield code="6">100-01//r</marc:subfield>
            <marc:subfield code="a">إسماعيل، محمود.</marc:subfield>
        </marc:datafield>
        <marc:datafield tag="880" ind1="1" ind2="2">
            <marc:subfield code="6">245-02//r</marc:subfield>
            <marc:subfield code="a">الفكر الإسلامي الحديث :</marc:subfield>
            <marc:subfield code="b">بين السلفيين والمجددين /</marc:subfield>
            <marc:subfield code="c">محمود إسماعيل.</marc:subfield>
        </marc:datafield>
        <marc:datafield tag="880" ind1=" " ind2=" ">
            <marc:subfield code="6">250-03//r</marc:subfield>
            <marc:subfield code="a">الطبعة 1.</marc:subfield>
        </marc:datafield>
        <marc:datafield tag="880" ind1=" " ind2=" ">
            <marc:subfield code="6">260-04//r</marc:subfield>
            <marc:subfield code="a">القاهرة :</marc:subfield>
            <marc:subfield code="b">رؤية للنشر والتوزيع،</marc:subfield>
            <marc:subfield code="c">2006.</marc:subfield>
        </marc:datafield>
        <marc:datafield tag="880" ind1="0" ind2=" ">
            <marc:subfield code="6">490-05//r</marc:subfield>
            <marc:subfield code="a">مرايا الكتاب</marc:subfield>
        </marc:datafield>
        <marc:datafield tag="916" ind1=" " ind2=" ">
            <marc:subfield code="a">DATE CATALOGED</marc:subfield>
            <marc:subfield code="b">20080225</marc:subfield>
        </marc:datafield>
        <marc:datafield tag="994" ind1=" " ind2=" ">
            <marc:subfield code="a">Z0</marc:subfield>
            <marc:subfield code="b">MALCO</marc:subfield>
        </marc:datafield>
        <marc:datafield tag="596" ind1=" " ind2=" ">
            <marc:subfield code="a">31</marc:subfield>
        </marc:datafield>
        <marc:datafield tag="035" ind1=" " ind2=" ">
            <marc:subfield code="a">(OCoLC-M)70170980</marc:subfield>
        </marc:datafield>
        <marc:datafield tag="035" ind1=" " ind2=" ">
            <marc:subfield code="a">(OCoLC-I)180919932</marc:subfield>
        </marc:datafield>
        <marc:datafield tag="999" ind1=" " ind2=" ">
            <marc:subfield code="a">BP70 .I74 2006</marc:subfield>
            <marc:subfield code="w">LC</marc:subfield>
            <marc:subfield code="c">1</marc:subfield>
            <marc:subfield code="i">36105128775272</marc:subfield>
            <marc:subfield code="d">1/4/2008</marc:subfield>
            <marc:subfield code="e">12/14/2007</marc:subfield>
            <marc:subfield code="l">STACKS</marc:subfield>
            <marc:subfield code="m">SAL3</marc:subfield>
            <marc:subfield code="r">Y</marc:subfield>
            <marc:subfield code="s">Y</marc:subfield>
            <marc:subfield code="t">STKS-MONO</marc:subfield>
            <marc:subfield code="u">11/8/2007</marc:subfield>
            <marc:subfield code="z">DIGI-SENT</marc:subfield>
        </marc:datafield>
    </marc:record>