
    <marc:record>
        <marc:leader>00907cam a2200217Ka 45 0</marc:leader>
        <marc:controlfield tag="001">a7000020</marc:controlfield>
        <marc:controlfield tag="003">SIRSI</marc:controlfield>
        <marc:controlfield tag="005">20150718050002.0</marc:controlfield>
        <marc:controlfield tag="008">040826s1985    dcu          f000 0 eng d</marc:controlfield>
        <marc:datafield tag="040" ind1=" " ind2=" ">
            <marc:subfield code="a">CLU</marc:subfield>
            <marc:subfield code="c">CLU</marc:subfield>
            <marc:subfield code="d">OCLCQ</marc:subfield>
        </marc:datafield>
        <marc:datafield tag="035" ind1=" " ind2=" ">
            <marc:subfield code="a">(OCoLC)56358801</marc:subfield>
        </marc:datafield>
        <marc:datafield tag="110" ind1="1" ind2=" ">
            <marc:subfield code="a">United States</marc:subfield>
            <marc:subfield code="b">Employment Standards Admnistration.</marc:subfield>
            <marc:subfield code="=">^A83115</marc:subfield>
        </marc:datafield>
        <marc:datafield tag="245" ind1="1" ind2="0">
            <marc:subfield code="a">Notice to state and local government public officials.</marc:subfield>
        </marc:datafield>
        <marc:datafield tag="260" ind1=" " ind2=" ">
            <marc:subfield code="a">Washington, D.C. :</marc:subfield>
            <marc:subfield code="b">U.S. Dept. of Labor, Employment Standards Administration,</marc:subfield>
            <marc:subfield code="c">[1985?]</marc:subfield>
        </marc:datafield>
        <marc:datafield tag="300" ind1=" " ind2=" ">
            <marc:subfield code="a">1 sheet [2] p. ;</marc:subfield>
            <marc:subfield code="c">35 x 22 cm. folded to 12 x 22 cm.</marc:subfield>
        </marc:datafield>
        <marc:datafield tag="500" ind1=" " ind2=" ">
            <marc:subfield code="a">Folds into mailer with postage paid to Dept. of Labor.</marc:subfield>
        </marc:datafield>
        <marc:datafield tag="500" ind1=" " ind2=" ">
            <marc:subfield code="a">Notice concerns the Fair Labor Standards Amendments of 1985 (Public Law 99-150).</marc:subfield>
        </marc:datafield>
        <marc:datafield tag="916" ind1=" " ind2=" ">
            <marc:subfield code="a">DATE CATALOGED</marc:subfield>
            <marc:subfield code="b">NEVER</marc:subfield>
        </marc:datafield>
        <marc:datafield tag="994" ind1=" " ind2=" ">
            <marc:subfield code="a">Z0</marc:subfield>
            <marc:subfield code="b">STF</marc:subfield>
        </marc:datafield>
        <marc:datafield tag="596" ind1=" " ind2=" ">
            <marc:subfield code="a">1</marc:subfield>
        </marc:datafield>
        <marc:datafield tag="999" ind1=" " ind2=" ">
            <marc:subfield code="a">L 36.2:N 84</marc:subfield>
            <marc:subfield code="w">SUDOC</marc:subfield>
            <marc:subfield code="c">1</marc:subfield>
            <marc:subfield code="i">36105130080158</marc:subfield>
            <marc:subfield code="d">4/25/2011</marc:subfield>
            <marc:subfield code="e">4/15/2011</marc:subfield>
            <marc:subfield code="l">FED-DOCS</marc:subfield>
            <marc:subfield code="m">GREEN</marc:subfield>
            <marc:subfield code="r">Y</marc:subfield>
            <marc:subfield code="s">Y</marc:subfield>
            <marc:subfield code="t">GOVSTKS</marc:subfield>
            <marc:subfield code="u">11/8/2007</marc:subfield>
            <marc:subfield code="z">DIGI-SENT</marc:subfield>
        </marc:datafield>
    </marc:record>