
    <marc:record>
        <marc:leader>02074cas a2200505 a 4500</marc:leader>
        <marc:controlfield tag="001">a7000023</marc:controlfield>
        <marc:controlfield tag="003">SIRSI</marc:controlfield>
        <marc:controlfield tag="005">20150718050002.0</marc:controlfield>
        <marc:controlfield tag="008">000223c20009999sz ar         0    0eng d</marc:controlfield>
        <marc:datafield tag="010" ind1=" " ind2=" ">
            <marc:subfield code="a">   00222971</marc:subfield>
        </marc:datafield>
        <marc:datafield tag="022" ind1=" " ind2=" ">
            <marc:subfield code="a">1660-6930</marc:subfield>
        </marc:datafield>
        <marc:datafield tag="035" ind1=" " ind2=" ">
            <marc:subfield code="a">(OCoLC-M)43506002</marc:subfield>
        </marc:datafield>
        <marc:datafield tag="035" ind1=" " ind2=" ">
            <marc:subfield code="a">(OCoLC-I)276078562</marc:subfield>
        </marc:datafield>
        <marc:datafield tag="040" ind1=" " ind2=" ">
            <marc:subfield code="a">GZM</marc:subfield>
            <marc:subfield code="c">GZM</marc:subfield>
            <marc:subfield code="d">CLU</marc:subfield>
            <marc:subfield code="d">WAU</marc:subfield>
            <marc:subfield code="d">IUL</marc:subfield>
            <marc:subfield code="d">DLC</marc:subfield>
            <marc:subfield code="d">IUL</marc:subfield>
            <marc:subfield code="d">WAU</marc:subfield>
            <marc:subfield code="d">SZ9XM</marc:subfield>
            <marc:subfield code="d">CSt</marc:subfield>
        </marc:datafield>
        <marc:datafield tag="042" ind1=" " ind2=" ">
            <marc:subfield code="a">lc</marc:subfield>
        </marc:datafield>
        <marc:datafield tag="050" ind1="0" ind2="0">
            <marc:subfield code="a">N5310.7</marc:subfield>
            <marc:subfield code="b">.A785</marc:subfield>
        </marc:datafield>
        <marc:datafield tag="245" ind1="0" ind2="0">
            <marc:subfield code="a">Arts &amp; cultures.</marc:subfield>
        </marc:datafield>
        <marc:datafield tag="246" ind1="3" ind2=" ">
            <marc:subfield code="a">Arts and cultures</marc:subfield>
        </marc:datafield>
        <marc:datafield tag="260" ind1=" " ind2=" ">
            <marc:subfield code="a">Geneva :</marc:subfield>
            <marc:subfield code="b">The Association of Friends of the Barbier-Mueller Museum,</marc:subfield>
            <marc:subfield code="c">c1999-</marc:subfield>
        </marc:datafield>
        <marc:datafield tag="310" ind1=" " ind2=" ">
            <marc:subfield code="a">Annual</marc:subfield>
        </marc:datafield>
        <marc:datafield tag="362" ind1="0" ind2=" ">
            <marc:subfield code="a">No 1 (2000)-</marc:subfield>
        </marc:datafield>
        <marc:datafield tag="500" ind1=" " ind2=" ">
            <marc:subfield code="a">Title from cover.</marc:subfield>
        </marc:datafield>
        <marc:datafield tag="500" ind1=" " ind2=" ">
            <marc:subfield code="a">Latest issue consulted: 2005.</marc:subfield>
        </marc:datafield>
        <marc:datafield tag="515" ind1=" " ind2=" ">
            <marc:subfield code="a">Vol. numbering dropped &lt;2005-&gt;.</marc:subfield>
        </marc:datafield>
        <marc:datafield tag="520" ind1=" " ind2=" ">
            <marc:subfield code="a">&quot;Antiquity, Africa, Oceania, Asia, Americas.&quot;</marc:subfield>
        </marc:datafield>
        <marc:datafield tag="546" ind1=" " ind2=" ">
            <marc:subfield code="a">Also published in French.</marc:subfield>
        </marc:datafield>
        <marc:datafield tag="596" ind1=" " ind2=" ">
            <marc:subfield code="a">2</marc:subfield>
        </marc:datafield>
        <marc:datafield tag="610" ind1="2" ind2="0">
            <marc:subfield code="a">Musée Barbier-Mueller</marc:subfield>
            <marc:subfield code="v">Periodicals.</marc:subfield>
            <marc:subfield code="=">^A246301</marc:subfield>
        </marc:datafield>
        <marc:datafield tag="650" ind1=" " ind2="0">
            <marc:subfield code="a">Art, Primitive</marc:subfield>
            <marc:subfield code="v">Periodicals.</marc:subfield>
            <marc:subfield code="=">^A994234</marc:subfield>
        </marc:datafield>
        <marc:datafield tag="650" ind1=" " ind2="0">
            <marc:subfield code="a">Art, Ancient</marc:subfield>
            <marc:subfield code="v">Periodicals.</marc:subfield>
            <marc:subfield code="=">^A993978</marc:subfield>
        </marc:datafield>
        <marc:datafield tag="650" ind1=" " ind2="7">
            <marc:subfield code="a">Völkerkunde</marc:subfield>
            <marc:subfield code="x">Kunstzeitschrift.</marc:subfield>
            <marc:subfield code="2">swd</marc:subfield>
        </marc:datafield>
        <marc:datafield tag="650" ind1=" " ind2="7">
            <marc:subfield code="a">Kunstzeitschrift</marc:subfield>
            <marc:subfield code="x">Völkerkunde.</marc:subfield>
            <marc:subfield code="2">swd</marc:subfield>
        </marc:datafield>
        <marc:datafield tag="710" ind1="2" ind2=" ">
            <marc:subfield code="a">Musée Barbier-Mueller.</marc:subfield>
            <marc:subfield code="b">Association des amis.</marc:subfield>
            <marc:subfield code="=">^A1888483</marc:subfield>
        </marc:datafield>
        <marc:datafield tag="775" ind1="1" ind2=" ">
            <marc:subfield code="t">Arts &amp; cultures. French. Arts &amp; cultures</marc:subfield>
            <marc:subfield code="w">(OCoLC)51067246</marc:subfield>
        </marc:datafield>
        <marc:datafield tag="780" ind1="0" ind2="1">
            <marc:subfield code="t">Art tribal</marc:subfield>
            <marc:subfield code="w">(DLC) 87649643</marc:subfield>
            <marc:subfield code="w">(OCoLC)16992508</marc:subfield>
        </marc:datafield>
        <marc:datafield tag="891" ind1="2" ind2="0">
            <marc:subfield code="9">853</marc:subfield>
            <marc:subfield code="8">1</marc:subfield>
            <marc:subfield code="a">no</marc:subfield>
            <marc:subfield code="v">c</marc:subfield>
            <marc:subfield code="i">(year)</marc:subfield>
            <marc:subfield code="w">a</marc:subfield>
        </marc:datafield>
        <marc:datafield tag="891" ind1="4" ind2="1">
            <marc:subfield code="9">863</marc:subfield>
            <marc:subfield code="8">1.1</marc:subfield>
            <marc:subfield code="a">1</marc:subfield>
            <marc:subfield code="i">2000</marc:subfield>
        </marc:datafield>
        <marc:datafield tag="994" ind1=" " ind2=" ">
            <marc:subfield code="a">Z0</marc:subfield>
            <marc:subfield code="b">STF</marc:subfield>
        </marc:datafield>
        <marc:datafield tag="850" ind1=" " ind2=" ">
            <marc:subfield code="a">DLC</marc:subfield>
        </marc:datafield>
        <marc:datafield tag="999" ind1=" " ind2=" ">
            <marc:subfield code="a">N5310.7 .A785 2006</marc:subfield>
            <marc:subfield code="w">LCPER</marc:subfield>
            <marc:subfield code="c">1</marc:subfield>
            <marc:subfield code="i">36105111756818</marc:subfield>
            <marc:subfield code="d">11/17/2011</marc:subfield>
            <marc:subfield code="e">11/17/2011</marc:subfield>
            <marc:subfield code="l">STACKS</marc:subfield>
            <marc:subfield code="m">ART</marc:subfield>
            <marc:subfield code="n">1</marc:subfield>
            <marc:subfield code="r">Y</marc:subfield>
            <marc:subfield code="s">Y</marc:subfield>
            <marc:subfield code="t">STKS-PERI</marc:subfield>
            <marc:subfield code="u">11/8/2007</marc:subfield>
            <marc:subfield code="z">DIGI-SENT</marc:subfield>
        </marc:datafield>
        <marc:datafield tag="999" ind1=" " ind2=" ">
            <marc:subfield code="a">N5310.7 .A785 2007</marc:subfield>
            <marc:subfield code="w">LCPER</marc:subfield>
            <marc:subfield code="c">1</marc:subfield>
            <marc:subfield code="i">36105111756800</marc:subfield>
            <marc:subfield code="d">5/12/2011</marc:subfield>
            <marc:subfield code="e">5/4/2011</marc:subfield>
            <marc:subfield code="l">STACKS</marc:subfield>
            <marc:subfield code="m">ART</marc:subfield>
            <marc:subfield code="r">Y</marc:subfield>
            <marc:subfield code="s">Y</marc:subfield>
            <marc:subfield code="t">STKS-PERI</marc:subfield>
            <marc:subfield code="u">11/15/2007</marc:subfield>
            <marc:subfield code="z">DIGI-SENT</marc:subfield>
        </marc:datafield>
        <marc:datafield tag="999" ind1=" " ind2=" ">
            <marc:subfield code="a">N5310.7 .A785 2004</marc:subfield>
            <marc:subfield code="w">LCPER</marc:subfield>
            <marc:subfield code="c">1</marc:subfield>
            <marc:subfield code="i">36105219314213</marc:subfield>
            <marc:subfield code="l">STACKS</marc:subfield>
            <marc:subfield code="m">ART</marc:subfield>
            <marc:subfield code="r">Y</marc:subfield>
            <marc:subfield code="s">Y</marc:subfield>
            <marc:subfield code="t">STKS-MONO</marc:subfield>
            <marc:subfield code="u">11/5/2013</marc:subfield>
        </marc:datafield>
        <marc:datafield tag="999" ind1=" " ind2=" ">
            <marc:subfield code="a">N5310.7 .A785 2008</marc:subfield>
            <marc:subfield code="w">LCPER</marc:subfield>
            <marc:subfield code="c">1</marc:subfield>
            <marc:subfield code="i">36105219314221</marc:subfield>
            <marc:subfield code="l">STACKS</marc:subfield>
            <marc:subfield code="m">ART</marc:subfield>
            <marc:subfield code="r">Y</marc:subfield>
            <marc:subfield code="s">Y</marc:subfield>
            <marc:subfield code="t">STKS-MONO</marc:subfield>
            <marc:subfield code="u">11/5/2013</marc:subfield>
        </marc:datafield>
        <marc:datafield tag="999" ind1=" " ind2=" ">
            <marc:subfield code="a">N5310.7 .A785 2003</marc:subfield>
            <marc:subfield code="w">LCPER</marc:subfield>
            <marc:subfield code="c">1</marc:subfield>
            <marc:subfield code="i">36105219314239</marc:subfield>
            <marc:subfield code="l">STACKS</marc:subfield>
            <marc:subfield code="m">ART</marc:subfield>
            <marc:subfield code="r">Y</marc:subfield>
            <marc:subfield code="s">Y</marc:subfield>
            <marc:subfield code="t">STKS-MONO</marc:subfield>
            <marc:subfield code="u">11/5/2013</marc:subfield>
        </marc:datafield>
    </marc:record>
    <marc:record>
        <marc:leader>00357cy  a22001573  4500</marc:leader>
        <marc:controlfield tag="001">a7000023</marc:controlfield>
        <marc:controlfield tag="003">SIRSI</marc:controlfield>
        <marc:controlfield tag="008">071108                eng 131105        </marc:controlfield>
        <marc:datafield tag="852" ind1=" " ind2=" ">
            <marc:subfield code="a">CSt</marc:subfield>
            <marc:subfield code="b">ART</marc:subfield>
            <marc:subfield code="c">STACKS</marc:subfield>
            <marc:subfield code="=">66820</marc:subfield>
        </marc:datafield>
        <marc:datafield tag="853" ind1="2" ind2=" ">
            <marc:subfield code="8">2</marc:subfield>
            <marc:subfield code="a">no.</marc:subfield>
            <marc:subfield code="i">(year)</marc:subfield>
        </marc:datafield>
        <marc:datafield tag="853" ind1="2" ind2=" ">
            <marc:subfield code="8">3</marc:subfield>
            <marc:subfield code="a">(year)</marc:subfield>
        </marc:datafield>
        <marc:datafield tag="866" ind1="4" ind2="1">
            <marc:subfield code="8">1</marc:subfield>
            <marc:subfield code="a">no.4(2003);</marc:subfield>
        </marc:datafield>
        <marc:datafield tag="866" ind1="3" ind2="1">
            <marc:subfield code="8">1</marc:subfield>
            <marc:subfield code="a">2004,2006-</marc:subfield>
        </marc:datafield>
        <marc:datafield tag="863" ind1=" " ind2="1">
            <marc:subfield code="8">2.1</marc:subfield>
            <marc:subfield code="a">4</marc:subfield>
            <marc:subfield code="i">2003</marc:subfield>
        </marc:datafield>
        <marc:datafield tag="863" ind1=" " ind2="1">
            <marc:subfield code="8">3.1</marc:subfield>
            <marc:subfield code="a">2004</marc:subfield>
        </marc:datafield>
        <marc:datafield tag="863" ind1=" " ind2="1">
            <marc:subfield code="8">3.2</marc:subfield>
            <marc:subfield code="a">2008</marc:subfield>
        </marc:datafield>
    </marc:record>