
    <marc:record>
        <marc:leader>02308cam a2200457 a 4500</marc:leader>
        <marc:controlfield tag="001">a7000024</marc:controlfield>
        <marc:controlfield tag="003">SIRSI</marc:controlfield>
        <marc:controlfield tag="005">20150718050002.0</marc:controlfield>
        <marc:controlfield tag="008">071108m20069999ua       b    000 0 ara d</marc:controlfield>
        <marc:datafield tag="020" ind1=" " ind2=" ">
            <marc:subfield code="a">9772273470 (v. 1)</marc:subfield>
        </marc:datafield>
        <marc:datafield tag="020" ind1=" " ind2=" ">
            <marc:subfield code="a">9789772273478 (v. 1)</marc:subfield>
        </marc:datafield>
        <marc:datafield tag="040" ind1=" " ind2=" ">
            <marc:subfield code="a">CtY</marc:subfield>
            <marc:subfield code="c">STF</marc:subfield>
            <marc:subfield code="d">STF</marc:subfield>
        </marc:datafield>
        <marc:datafield tag="049" ind1=" " ind2=" ">
            <marc:subfield code="a">STFA</marc:subfield>
        </marc:datafield>
        <marc:datafield tag="050" ind1=" " ind2="4">
            <marc:subfield code="a">BP166.14.F85</marc:subfield>
            <marc:subfield code="b">D355 2006</marc:subfield>
        </marc:datafield>
        <marc:datafield tag="079" ind1=" " ind2=" ">
            <marc:subfield code="a">ocm71558072</marc:subfield>
        </marc:datafield>
        <marc:datafield tag="245" ind1="0" ind2="0">
            <marc:subfield code="6">880-01</marc:subfield>
            <marc:subfield code="a">Dalīl al-ḥarakāt al-Islāmīyah fī al-ʻālam /</marc:subfield>
            <marc:subfield code="c">raʼīs al-taḥrīr Ḍiyāʼ Rashwān ; al-munassiq Muḥammad Fāyiz Faraḥāt ; [al-mushārikūn fī al-dalīl wifqan lil-tartīb al-abjadī, Ibrāhīm al-Najjār ... et al.].</marc:subfield>
        </marc:datafield>
        <marc:datafield tag="250" ind1=" " ind2=" ">
            <marc:subfield code="6">880-02</marc:subfield>
            <marc:subfield code="a">al-Ṭabʻah 2.</marc:subfield>
        </marc:datafield>
        <marc:datafield tag="260" ind1=" " ind2=" ">
            <marc:subfield code="6">880-03</marc:subfield>
            <marc:subfield code="a">[Cairo] :</marc:subfield>
            <marc:subfield code="b">Markaz al-Dirāsāt al-Siyāsīyah wa-al-Istirātījīyah,</marc:subfield>
            <marc:subfield code="c">2006-</marc:subfield>
        </marc:datafield>
        <marc:datafield tag="300" ind1=" " ind2=" ">
            <marc:subfield code="a">v. ;</marc:subfield>
            <marc:subfield code="c">29 cm.</marc:subfield>
        </marc:datafield>
        <marc:datafield tag="504" ind1=" " ind2=" ">
            <marc:subfield code="a">Includes bibliographical references.</marc:subfield>
        </marc:datafield>
        <marc:datafield tag="650" ind1=" " ind2="0">
            <marc:subfield code="a">Islamic fundamentalism.</marc:subfield>
            <marc:subfield code="=">^A1082288</marc:subfield>
        </marc:datafield>
        <marc:datafield tag="700" ind1="1" ind2=" ">
            <marc:subfield code="6">880-04</marc:subfield>
            <marc:subfield code="a">Rashwān, Ḍiyāʼ.</marc:subfield>
            <marc:subfield code="=">^A1400374</marc:subfield>
        </marc:datafield>
        <marc:datafield tag="700" ind1="1" ind2=" ">
            <marc:subfield code="6">880-05</marc:subfield>
            <marc:subfield code="a">Faraḥāt, Muḥammad Fāyiz.</marc:subfield>
            <marc:subfield code="=">^A2438319</marc:subfield>
        </marc:datafield>
        <marc:datafield tag="700" ind1="1" ind2=" ">
            <marc:subfield code="6">880-06</marc:subfield>
            <marc:subfield code="a">Najjār, Ibrāhīm.</marc:subfield>
            <marc:subfield code="=">^A902691</marc:subfield>
        </marc:datafield>
        <marc:datafield tag="710" ind1="2" ind2=" ">
            <marc:subfield code="6">880-07</marc:subfield>
            <marc:subfield code="a">Markaz al-Dirāsāt al-Siyāsīyah wa-al-Istirātījīyah.</marc:subfield>
            <marc:subfield code="=">^A291779</marc:subfield>
        </marc:datafield>
        <marc:datafield tag="880" ind1="0" ind2="0">
            <marc:subfield code="6">245-01//r</marc:subfield>
            <marc:subfield code="a">‏دليل الحركات الإسلامية في العالم /‏</marc:subfield>
            <marc:subfield code="c">‏رئيس التحرير ضياء رشوان ؛ المنسق محمد فايز فرحات ؛ [المشاركون في الدليل وفقًا للترتيب الأبجدي، إبراهيم النجار ... وآخ.].</marc:subfield>
        </marc:datafield>
        <marc:datafield tag="880" ind1=" " ind2=" ">
            <marc:subfield code="6">250-02//r</marc:subfield>
            <marc:subfield code="a">‏الطبعة 2.</marc:subfield>
        </marc:datafield>
        <marc:datafield tag="880" ind1=" " ind2=" ">
            <marc:subfield code="6">260-03//r</marc:subfield>
            <marc:subfield code="a">‏[القاهرة] :‏</marc:subfield>
            <marc:subfield code="b">‏مركز الدراسات السياسية والإستراتيجية،‏</marc:subfield>
            <marc:subfield code="c">‏2006-</marc:subfield>
        </marc:datafield>
        <marc:datafield tag="880" ind1="1" ind2=" ">
            <marc:subfield code="6">700-04//r</marc:subfield>
            <marc:subfield code="a">‏رشوان، ضياء.</marc:subfield>
        </marc:datafield>
        <marc:datafield tag="880" ind1="1" ind2=" ">
            <marc:subfield code="6">700-05//r</marc:subfield>
            <marc:subfield code="a">‏فرحات، محمد فايز.</marc:subfield>
        </marc:datafield>
        <marc:datafield tag="880" ind1="1" ind2=" ">
            <marc:subfield code="6">700-06//r</marc:subfield>
            <marc:subfield code="a">‏نجار، إبراهيم.</marc:subfield>
        </marc:datafield>
        <marc:datafield tag="880" ind1="2" ind2=" ">
            <marc:subfield code="6">710-07//r</marc:subfield>
            <marc:subfield code="a">‏مركز الدراسات السياسية والإستراتيجية.</marc:subfield>
        </marc:datafield>
        <marc:datafield tag="916" ind1=" " ind2=" ">
            <marc:subfield code="a">DATE CATALOGED</marc:subfield>
            <marc:subfield code="b">20080225</marc:subfield>
        </marc:datafield>
        <marc:datafield tag="994" ind1=" " ind2=" ">
            <marc:subfield code="a">Z0</marc:subfield>
            <marc:subfield code="b">MALCO</marc:subfield>
        </marc:datafield>
        <marc:datafield tag="035" ind1=" " ind2=" ">
            <marc:subfield code="a">(CStRLIN)CTYN06-B2034</marc:subfield>
        </marc:datafield>
        <marc:datafield tag="066" ind1=" " ind2=" ">
            <marc:subfield code="c">(3</marc:subfield>
        </marc:datafield>
        <marc:datafield tag="035" ind1=" " ind2=" ">
            <marc:subfield code="a">(CStRLIN)CTYN06-B2034</marc:subfield>
        </marc:datafield>
        <marc:datafield tag="596" ind1=" " ind2=" ">
            <marc:subfield code="a">1</marc:subfield>
        </marc:datafield>
        <marc:datafield tag="035" ind1=" " ind2=" ">
            <marc:subfield code="a">(OCoLC-M)71558072</marc:subfield>
        </marc:datafield>
        <marc:datafield tag="035" ind1=" " ind2=" ">
            <marc:subfield code="a">(OCoLC-I)180920447</marc:subfield>
        </marc:datafield>
        <marc:datafield tag="999" ind1=" " ind2=" ">
            <marc:subfield code="a">BP166.14 .F85 D355 2006 V.1</marc:subfield>
            <marc:subfield code="w">LC</marc:subfield>
            <marc:subfield code="c">1</marc:subfield>
            <marc:subfield code="i">36105122788826</marc:subfield>
            <marc:subfield code="d">6/1/2009</marc:subfield>
            <marc:subfield code="e">5/20/2009</marc:subfield>
            <marc:subfield code="l">STACKS</marc:subfield>
            <marc:subfield code="m">GREEN</marc:subfield>
            <marc:subfield code="n">7</marc:subfield>
            <marc:subfield code="r">Y</marc:subfield>
            <marc:subfield code="s">Y</marc:subfield>
            <marc:subfield code="t">STKS-MONO</marc:subfield>
            <marc:subfield code="u">11/8/2007</marc:subfield>
            <marc:subfield code="z">DIGI-SENT</marc:subfield>
        </marc:datafield>
    </marc:record>
    <marc:record>
        <marc:leader>00179cy  a22000854  4500</marc:leader>
        <marc:controlfield tag="001">a7000024</marc:controlfield>
        <marc:controlfield tag="003">SIRSI</marc:controlfield>
        <marc:controlfield tag="008">071129                eng 071129        </marc:controlfield>
        <marc:datafield tag="852" ind1=" " ind2=" ">
            <marc:subfield code="a">CSt</marc:subfield>
            <marc:subfield code="b">GREEN</marc:subfield>
            <marc:subfield code="c">STACKS</marc:subfield>
            <marc:subfield code="t">1</marc:subfield>
        </marc:datafield>
        <marc:datafield tag="866" ind1="4" ind2="1">
            <marc:subfield code="8">1</marc:subfield>
            <marc:subfield code="a">v.1</marc:subfield>
        </marc:datafield>
    </marc:record>