
    <marc:record>
        <marc:leader>02140nam a2200397Ia 4500</marc:leader>
        <marc:controlfield tag="001">a7000029</marc:controlfield>
        <marc:controlfield tag="003">SIRSI</marc:controlfield>
        <marc:controlfield tag="005">20150718050002.0</marc:controlfield>
        <marc:controlfield tag="008">071108s2005    ua a     b   f001 0 ara  </marc:controlfield>
        <marc:datafield tag="020" ind1=" " ind2=" ">
            <marc:subfield code="a">9771804251</marc:subfield>
        </marc:datafield>
        <marc:datafield tag="020" ind1=" " ind2=" ">
            <marc:subfield code="a">9789771804253</marc:subfield>
        </marc:datafield>
        <marc:datafield tag="040" ind1=" " ind2=" ">
            <marc:subfield code="a">OSU</marc:subfield>
            <marc:subfield code="c">STF</marc:subfield>
        </marc:datafield>
        <marc:datafield tag="043" ind1=" " ind2=" ">
            <marc:subfield code="a">f-ua---</marc:subfield>
            <marc:subfield code="a">a-tu---</marc:subfield>
        </marc:datafield>
        <marc:datafield tag="049" ind1=" " ind2=" ">
            <marc:subfield code="a">STFA</marc:subfield>
        </marc:datafield>
        <marc:datafield tag="079" ind1=" " ind2=" ">
            <marc:subfield code="a">ocm70148687</marc:subfield>
        </marc:datafield>
        <marc:datafield tag="100" ind1="1" ind2=" ">
            <marc:subfield code="6">880-01</marc:subfield>
            <marc:subfield code="a">Ibn Abī al-Surūr, Muḥammad ibn Muḥammad,</marc:subfield>
            <marc:subfield code="d">1596 or 1597-1676 or 1677</marc:subfield>
            <marc:subfield code="=">^A1931271</marc:subfield>
        </marc:datafield>
        <marc:datafield tag="245" ind1="1" ind2="3">
            <marc:subfield code="6">880-02</marc:subfield>
            <marc:subfield code="a">al-Tuḥfah al-bahīyah fī tamalluk Āl ʻUthmān al-diyār al-Miṣrīyah /</marc:subfield>
            <marc:subfield code="c">taʼlīf Muḥammad ibn Abī al-Surūr al-Ṣiddīq al-Bakrī ; taḥqīq wa-dirāsah ʻAbd al-Raḥīm ʻAbd al-Raḥmān ʻAbd al-Raḥīm.</marc:subfield>
        </marc:datafield>
        <marc:datafield tag="260" ind1=" " ind2=" ">
            <marc:subfield code="6">880-03</marc:subfield>
            <marc:subfield code="a">[al-Qāhirah] :</marc:subfield>
            <marc:subfield code="b">Dār al-Kutub wa-al-Wathāʼiq al-Qawmīyah,</marc:subfield>
            <marc:subfield code="c">2005.</marc:subfield>
        </marc:datafield>
        <marc:datafield tag="300" ind1=" " ind2=" ">
            <marc:subfield code="a">232 p. ;</marc:subfield>
            <marc:subfield code="c">29 cm.</marc:subfield>
        </marc:datafield>
        <marc:datafield tag="504" ind1=" " ind2=" ">
            <marc:subfield code="a">Includes bibliographical references (p. 175-177) and indexes.</marc:subfield>
        </marc:datafield>
        <marc:datafield tag="651" ind1=" " ind2="0">
            <marc:subfield code="a">Egypt</marc:subfield>
            <marc:subfield code="x">History</marc:subfield>
            <marc:subfield code="v">Early works to 1800.</marc:subfield>
            <marc:subfield code="=">^A1013224</marc:subfield>
        </marc:datafield>
        <marc:datafield tag="651" ind1=" " ind2="0">
            <marc:subfield code="a">Egypt</marc:subfield>
            <marc:subfield code="x">History</marc:subfield>
            <marc:subfield code="y">1517-1882.</marc:subfield>
            <marc:subfield code="=">^A1013236</marc:subfield>
        </marc:datafield>
        <marc:datafield tag="651" ind1=" " ind2="0">
            <marc:subfield code="a">Turkey</marc:subfield>
            <marc:subfield code="x">History</marc:subfield>
            <marc:subfield code="y">Ottoman Empire, 1288-1918.</marc:subfield>
            <marc:subfield code="=">^A1070528</marc:subfield>
        </marc:datafield>
        <marc:datafield tag="700" ind1="1" ind2=" ">
            <marc:subfield code="6">880-04</marc:subfield>
            <marc:subfield code="a">ʻAbd al-Raḥīm, ʻAbd al-Raḥīm ʻAbd al-Raḥmān.</marc:subfield>
            <marc:subfield code="=">^A370003</marc:subfield>
        </marc:datafield>
        <marc:datafield tag="880" ind1="1" ind2=" ">
            <marc:subfield code="6">100-01//r</marc:subfield>
            <marc:subfield code="a">ابن أبي السرور، محمد بن محمد،</marc:subfield>
            <marc:subfield code="d">1596 أو 7-1676 أو 7.</marc:subfield>
        </marc:datafield>
        <marc:datafield tag="880" ind1="1" ind2="2">
            <marc:subfield code="6">245-02//r</marc:subfield>
            <marc:subfield code="a">التحفة البهية في تملك آل عثمان الديار المصرية /</marc:subfield>
            <marc:subfield code="c">تأليف محمد بن أبي السرور الصديق البكري ؛ تحقيق ودراسة عبد الرحيم عبد الرحمن عبد الرحيم.</marc:subfield>
        </marc:datafield>
        <marc:datafield tag="880" ind1="1" ind2="4">
            <marc:subfield code="6">246-00//r</marc:subfield>
            <marc:subfield code="a">‏تحفة البهية في تملك آل عثمان الديار المصرية</marc:subfield>
        </marc:datafield>
        <marc:datafield tag="880" ind1=" " ind2=" ">
            <marc:subfield code="6">260-03//r</marc:subfield>
            <marc:subfield code="a">[القاهرة] :</marc:subfield>
            <marc:subfield code="b">دار الكتب والوثائق القومية،</marc:subfield>
            <marc:subfield code="c">2005.</marc:subfield>
        </marc:datafield>
        <marc:datafield tag="880" ind1="1" ind2=" ">
            <marc:subfield code="6">700-04//r</marc:subfield>
            <marc:subfield code="a">عبد الرحيم، عبد الرحيم عبد الرحمن.</marc:subfield>
        </marc:datafield>
        <marc:datafield tag="916" ind1=" " ind2=" ">
            <marc:subfield code="a">DATE CATALOGED</marc:subfield>
            <marc:subfield code="b">20080225</marc:subfield>
        </marc:datafield>
        <marc:datafield tag="994" ind1=" " ind2=" ">
            <marc:subfield code="a">Z0</marc:subfield>
            <marc:subfield code="b">MALCO</marc:subfield>
        </marc:datafield>
        <marc:datafield tag="596" ind1=" " ind2=" ">
            <marc:subfield code="a">1</marc:subfield>
        </marc:datafield>
        <marc:datafield tag="010" ind1=" " ind2=" ">
            <marc:subfield code="a">  2006309911</marc:subfield>
        </marc:datafield>
        <marc:datafield tag="035" ind1=" " ind2=" ">
            <marc:subfield code="a">(OCoLC-M)77109851</marc:subfield>
        </marc:datafield>
        <marc:datafield tag="035" ind1=" " ind2=" ">
            <marc:subfield code="a">(OCoLC-I)180921172</marc:subfield>
        </marc:datafield>
        <marc:datafield tag="999" ind1=" " ind2=" ">
            <marc:subfield code="a">DT95 .I26 2005</marc:subfield>
            <marc:subfield code="w">LC</marc:subfield>
            <marc:subfield code="c">1</marc:subfield>
            <marc:subfield code="i">36105122788834</marc:subfield>
            <marc:subfield code="d">4/15/2008</marc:subfield>
            <marc:subfield code="e">2/28/2008</marc:subfield>
            <marc:subfield code="l">STACKS</marc:subfield>
            <marc:subfield code="m">GREEN</marc:subfield>
            <marc:subfield code="n">2</marc:subfield>
            <marc:subfield code="r">Y</marc:subfield>
            <marc:subfield code="s">Y</marc:subfield>
            <marc:subfield code="t">STKS-MONO</marc:subfield>
            <marc:subfield code="u">11/8/2007</marc:subfield>
        </marc:datafield>
    </marc:record>