
    <marc:record>
        <marc:leader>01524nam a2200385Ia 4500</marc:leader>
        <marc:controlfield tag="001">a7000031</marc:controlfield>
        <marc:controlfield tag="003">SIRSI</marc:controlfield>
        <marc:controlfield tag="005">20150718050002.0</marc:controlfield>
        <marc:controlfield tag="008">071108s2006    ua       b    000 0dara d</marc:controlfield>
        <marc:datafield tag="020" ind1=" " ind2=" ">
            <marc:subfield code="a">9771020331</marc:subfield>
        </marc:datafield>
        <marc:datafield tag="020" ind1=" " ind2=" ">
            <marc:subfield code="a">9789771020332</marc:subfield>
        </marc:datafield>
        <marc:datafield tag="040" ind1=" " ind2=" ">
            <marc:subfield code="a">NUI</marc:subfield>
            <marc:subfield code="c">STF</marc:subfield>
        </marc:datafield>
        <marc:datafield tag="049" ind1=" " ind2=" ">
            <marc:subfield code="a">STFA</marc:subfield>
        </marc:datafield>
        <marc:datafield tag="050" ind1=" " ind2="4">
            <marc:subfield code="a">BP170.8</marc:subfield>
            <marc:subfield code="b">.F39 2006</marc:subfield>
        </marc:datafield>
        <marc:datafield tag="079" ind1=" " ind2=" ">
            <marc:subfield code="a">ocm78604391</marc:subfield>
        </marc:datafield>
        <marc:datafield tag="100" ind1="1" ind2=" ">
            <marc:subfield code="6">880-01</marc:subfield>
            <marc:subfield code="a">Fayyūmī, Muḥammad Ibrāhīm.</marc:subfield>
            <marc:subfield code="=">^A1569830</marc:subfield>
        </marc:datafield>
        <marc:datafield tag="245" ind1="1" ind2="0">
            <marc:subfield code="6">880-02</marc:subfield>
            <marc:subfield code="a">Muḥammad rasūl Allāh :</marc:subfield>
            <marc:subfield code="b">wa-ʻālamīyat al-daʻwah al-Islāmīyah /</marc:subfield>
            <marc:subfield code="c">Muḥammad Ibrāhīm al-Fayyūmī.</marc:subfield>
        </marc:datafield>
        <marc:datafield tag="250" ind1=" " ind2=" ">
            <marc:subfield code="6">880-03</marc:subfield>
            <marc:subfield code="a">al-Ṭabʻah 1.</marc:subfield>
        </marc:datafield>
        <marc:datafield tag="260" ind1=" " ind2=" ">
            <marc:subfield code="6">880-04</marc:subfield>
            <marc:subfield code="a">al-Qāhirah :</marc:subfield>
            <marc:subfield code="b">Dār al-Fikr al-ʻArabī,</marc:subfield>
            <marc:subfield code="c">2006.</marc:subfield>
        </marc:datafield>
        <marc:datafield tag="300" ind1=" " ind2=" ">
            <marc:subfield code="a">795 p. ;</marc:subfield>
            <marc:subfield code="c">25 cm.</marc:subfield>
        </marc:datafield>
        <marc:datafield tag="504" ind1=" " ind2=" ">
            <marc:subfield code="a">Includes bibliographical references.</marc:subfield>
        </marc:datafield>
        <marc:datafield tag="650" ind1=" " ind2="0">
            <marc:subfield code="a">Islam</marc:subfield>
            <marc:subfield code="x">Universality.</marc:subfield>
            <marc:subfield code="=">^A1029935</marc:subfield>
        </marc:datafield>
        <marc:datafield tag="650" ind1=" " ind2="0">
            <marc:subfield code="a">Daʻwah (Islam)</marc:subfield>
            <marc:subfield code="=">^A1010168</marc:subfield>
        </marc:datafield>
        <marc:datafield tag="600" ind1="0" ind2="0">
            <marc:subfield code="a">Muḥammad,</marc:subfield>
            <marc:subfield code="c">Prophet,</marc:subfield>
            <marc:subfield code="d">-632</marc:subfield>
            <marc:subfield code="v">Biography</marc:subfield>
            <marc:subfield code="=">^A1092049</marc:subfield>
        </marc:datafield>
        <marc:datafield tag="880" ind1="1" ind2=" ">
            <marc:subfield code="6">100-01//r</marc:subfield>
            <marc:subfield code="a">فيومي، محمد ابراهيم.</marc:subfield>
        </marc:datafield>
        <marc:datafield tag="880" ind1="1" ind2="0">
            <marc:subfield code="6">245-02//r</marc:subfield>
            <marc:subfield code="a">محمد رسول الله :</marc:subfield>
            <marc:subfield code="b">وعالمية الدعوة الاسلامية /</marc:subfield>
            <marc:subfield code="c">محمد ابراهيم الفيومي.</marc:subfield>
        </marc:datafield>
        <marc:datafield tag="880" ind1=" " ind2=" ">
            <marc:subfield code="6">250-03//r</marc:subfield>
            <marc:subfield code="a">الطبعة 1.</marc:subfield>
        </marc:datafield>
        <marc:datafield tag="880" ind1=" " ind2=" ">
            <marc:subfield code="6">260-04//r</marc:subfield>
            <marc:subfield code="a">القاهرة :</marc:subfield>
            <marc:subfield code="b">دار الفكر العربي،</marc:subfield>
            <marc:subfield code="c">2006.</marc:subfield>
        </marc:datafield>
        <marc:datafield tag="916" ind1=" " ind2=" ">
            <marc:subfield code="a">DATE CATALOGED</marc:subfield>
            <marc:subfield code="b">20080225</marc:subfield>
        </marc:datafield>
        <marc:datafield tag="994" ind1=" " ind2=" ">
            <marc:subfield code="a">Z0</marc:subfield>
            <marc:subfield code="b">MALCO</marc:subfield>
        </marc:datafield>
        <marc:datafield tag="596" ind1=" " ind2=" ">
            <marc:subfield code="a">31</marc:subfield>
        </marc:datafield>
        <marc:datafield tag="010" ind1=" " ind2=" ">
            <marc:subfield code="a">  2006307147</marc:subfield>
        </marc:datafield>
        <marc:datafield tag="035" ind1=" " ind2=" ">
            <marc:subfield code="a">(OCoLC-M)78604391</marc:subfield>
        </marc:datafield>
        <marc:datafield tag="035" ind1=" " ind2=" ">
            <marc:subfield code="a">(OCoLC-I)180921361</marc:subfield>
        </marc:datafield>
        <marc:datafield tag="999" ind1=" " ind2=" ">
            <marc:subfield code="a">BP170.8 .F39 2006</marc:subfield>
            <marc:subfield code="w">LC</marc:subfield>
            <marc:subfield code="c">1</marc:subfield>
            <marc:subfield code="i">36105128775231</marc:subfield>
            <marc:subfield code="d">1/4/2008</marc:subfield>
            <marc:subfield code="e">12/14/2007</marc:subfield>
            <marc:subfield code="l">STACKS</marc:subfield>
            <marc:subfield code="m">SAL3</marc:subfield>
            <marc:subfield code="r">Y</marc:subfield>
            <marc:subfield code="s">Y</marc:subfield>
            <marc:subfield code="t">STKS-MONO</marc:subfield>
            <marc:subfield code="u">11/8/2007</marc:subfield>
            <marc:subfield code="z">DIGI-SENT</marc:subfield>
        </marc:datafield>
    </marc:record>