
    <marc:record>
        <marc:leader>01566cam a22003854a 45 0</marc:leader>
        <marc:controlfield tag="001">a7000033</marc:controlfield>
        <marc:controlfield tag="003">SIRSI</marc:controlfield>
        <marc:controlfield tag="005">20150718050002.0</marc:controlfield>
        <marc:controlfield tag="008">070919s2006    fr a     b    001 0 fre  </marc:controlfield>
        <marc:datafield tag="010" ind1=" " ind2=" ">
            <marc:subfield code="a">  2008359354</marc:subfield>
        </marc:datafield>
        <marc:datafield tag="020" ind1=" " ind2=" ">
            <marc:subfield code="a">2752100361</marc:subfield>
        </marc:datafield>
        <marc:datafield tag="020" ind1=" " ind2=" ">
            <marc:subfield code="a">9782752100368</marc:subfield>
        </marc:datafield>
        <marc:datafield tag="035" ind1=" " ind2=" ">
            <marc:subfield code="a">(OCoLC-M)191763436</marc:subfield>
        </marc:datafield>
        <marc:datafield tag="035" ind1=" " ind2=" ">
            <marc:subfield code="a">(OCoLC-I)276078575</marc:subfield>
        </marc:datafield>
        <marc:datafield tag="040" ind1=" " ind2=" ">
            <marc:subfield code="a">DLC</marc:subfield>
            <marc:subfield code="c">DLC</marc:subfield>
            <marc:subfield code="d">CSt</marc:subfield>
        </marc:datafield>
        <marc:datafield tag="043" ind1=" " ind2=" ">
            <marc:subfield code="a">e-fr---</marc:subfield>
        </marc:datafield>
        <marc:datafield tag="050" ind1="0" ind2="0">
            <marc:subfield code="a">ML60</marc:subfield>
            <marc:subfield code="b">.J74 2006</marc:subfield>
        </marc:datafield>
        <marc:datafield tag="082" ind1="0" ind2="0">
            <marc:subfield code="a">780</marc:subfield>
            <marc:subfield code="2">22</marc:subfield>
        </marc:datafield>
        <marc:datafield tag="100" ind1="1" ind2=" ">
            <marc:subfield code="a">Jolivet, André,</marc:subfield>
            <marc:subfield code="d">1905-1974.</marc:subfield>
            <marc:subfield code="=">^A216312</marc:subfield>
        </marc:datafield>
        <marc:datafield tag="240" ind1="1" ind2="0">
            <marc:subfield code="a">Literary works.</marc:subfield>
            <marc:subfield code="f">2006</marc:subfield>
        </marc:datafield>
        <marc:datafield tag="245" ind1="1" ind2="0">
            <marc:subfield code="a">Écrits /</marc:subfield>
            <marc:subfield code="c">André Jolivet ; [textes transcrits, présentés et annotés par Christine Jolivet-Erlih].</marc:subfield>
        </marc:datafield>
        <marc:datafield tag="260" ind1=" " ind2=" ">
            <marc:subfield code="a">Sampzon [France] :</marc:subfield>
            <marc:subfield code="b">Delatour,</marc:subfield>
            <marc:subfield code="c">c2006.</marc:subfield>
        </marc:datafield>
        <marc:datafield tag="300" ind1=" " ind2=" ">
            <marc:subfield code="a">2 v. (xx, 816 p.) :</marc:subfield>
            <marc:subfield code="b">ill. (some col.) ;</marc:subfield>
            <marc:subfield code="c">25 cm.</marc:subfield>
        </marc:datafield>
        <marc:datafield tag="440" ind1=" " ind2="0">
            <marc:subfield code="a">Collection Musique/pédagogie,</marc:subfield>
            <marc:subfield code="x">1954-0183</marc:subfield>
            <marc:subfield code="=">^A2173415</marc:subfield>
        </marc:datafield>
        <marc:datafield tag="500" ind1=" " ind2=" ">
            <marc:subfield code="a">&quot;DLT1413&quot;--Spine.</marc:subfield>
        </marc:datafield>
        <marc:datafield tag="504" ind1=" " ind2=" ">
            <marc:subfield code="a">Includes bibliographical references and indexes.</marc:subfield>
        </marc:datafield>
        <marc:datafield tag="505" ind1="0" ind2=" ">
            <marc:subfield code="a">v. 1. Une vie musicale -- v. 2. Mode opératoires ; Figures et analyses ; Ludwig van Beethoven.</marc:subfield>
        </marc:datafield>
        <marc:datafield tag="596" ind1=" " ind2=" ">
            <marc:subfield code="a">18</marc:subfield>
        </marc:datafield>
        <marc:datafield tag="600" ind1="1" ind2="0">
            <marc:subfield code="a">Beethoven, Ludwig van,</marc:subfield>
            <marc:subfield code="d">1770-1827</marc:subfield>
            <marc:subfield code="x">Criticism and interpretation.</marc:subfield>
            <marc:subfield code="=">^A127632</marc:subfield>
        </marc:datafield>
        <marc:datafield tag="650" ind1=" " ind2="0">
            <marc:subfield code="a">Music</marc:subfield>
            <marc:subfield code="x">History and criticism.</marc:subfield>
            <marc:subfield code="=">^A1041707</marc:subfield>
        </marc:datafield>
        <marc:datafield tag="700" ind1="1" ind2=" ">
            <marc:subfield code="a">Jolivet-Erlih, Christine.</marc:subfield>
            <marc:subfield code="=">^A1807685</marc:subfield>
        </marc:datafield>
        <marc:datafield tag="916" ind1=" " ind2=" ">
            <marc:subfield code="a">DATE CATALOGED</marc:subfield>
            <marc:subfield code="b">20080404</marc:subfield>
        </marc:datafield>
        <marc:datafield tag="994" ind1=" " ind2=" ">
            <marc:subfield code="a">Z0</marc:subfield>
            <marc:subfield code="b">STF</marc:subfield>
        </marc:datafield>
        <marc:datafield tag="999" ind1=" " ind2=" ">
            <marc:subfield code="a">ML60 .J74 2006 V.1</marc:subfield>
            <marc:subfield code="w">LC</marc:subfield>
            <marc:subfield code="c">1</marc:subfield>
            <marc:subfield code="i">36105131811551</marc:subfield>
            <marc:subfield code="d">8/19/2010</marc:subfield>
            <marc:subfield code="e">8/9/2010</marc:subfield>
            <marc:subfield code="l">STACKS</marc:subfield>
            <marc:subfield code="m">MUSIC</marc:subfield>
            <marc:subfield code="r">Y</marc:subfield>
            <marc:subfield code="s">Y</marc:subfield>
            <marc:subfield code="t">STKS</marc:subfield>
            <marc:subfield code="u">1/28/2008</marc:subfield>
            <marc:subfield code="z">DIGI-SENT</marc:subfield>
        </marc:datafield>
        <marc:datafield tag="999" ind1=" " ind2=" ">
            <marc:subfield code="a">ML60 .J74 2006 V.2</marc:subfield>
            <marc:subfield code="w">LC</marc:subfield>
            <marc:subfield code="c">1</marc:subfield>
            <marc:subfield code="i">36105131811569</marc:subfield>
            <marc:subfield code="d">8/19/2010</marc:subfield>
            <marc:subfield code="e">8/9/2010</marc:subfield>
            <marc:subfield code="l">STACKS</marc:subfield>
            <marc:subfield code="m">MUSIC</marc:subfield>
            <marc:subfield code="n">1</marc:subfield>
            <marc:subfield code="r">Y</marc:subfield>
            <marc:subfield code="s">Y</marc:subfield>
            <marc:subfield code="t">STKS</marc:subfield>
            <marc:subfield code="u">1/28/2008</marc:subfield>
            <marc:subfield code="z">DIGI-SENT</marc:subfield>
        </marc:datafield>
    </marc:record>
    <marc:record>
        <marc:leader>00181cy  a22000854  4500</marc:leader>
        <marc:controlfield tag="001">a7000033</marc:controlfield>
        <marc:controlfield tag="003">SIRSI</marc:controlfield>
        <marc:controlfield tag="008">080129                eng 080129        </marc:controlfield>
        <marc:datafield tag="852" ind1=" " ind2=" ">
            <marc:subfield code="a">CSt</marc:subfield>
            <marc:subfield code="b">MUSIC</marc:subfield>
            <marc:subfield code="c">STACKS</marc:subfield>
            <marc:subfield code="t">1</marc:subfield>
        </marc:datafield>
        <marc:datafield tag="866" ind1="4" ind2="1">
            <marc:subfield code="8">1</marc:subfield>
            <marc:subfield code="a">v.1-2</marc:subfield>
        </marc:datafield>
    </marc:record>