
    <marc:record>
        <marc:leader>01804cam a2200385I  4500</marc:leader>
        <marc:controlfield tag="001">a7000036</marc:controlfield>
        <marc:controlfield tag="003">SIRSI</marc:controlfield>
        <marc:controlfield tag="005">20150718050002.0</marc:controlfield>
        <marc:controlfield tag="008">750610s1971    sz            000 0 fre d</marc:controlfield>
        <marc:datafield tag="035" ind1=" " ind2=" ">
            <marc:subfield code="a">(OCoLC-M)1383501</marc:subfield>
        </marc:datafield>
        <marc:datafield tag="035" ind1=" " ind2=" ">
            <marc:subfield code="a">(OCoLC-I)276078580</marc:subfield>
        </marc:datafield>
        <marc:datafield tag="040" ind1=" " ind2=" ">
            <marc:subfield code="a">GUA</marc:subfield>
            <marc:subfield code="c">GUA</marc:subfield>
            <marc:subfield code="d">OCLCQ</marc:subfield>
            <marc:subfield code="d">LVB</marc:subfield>
            <marc:subfield code="d">CSt</marc:subfield>
        </marc:datafield>
        <marc:datafield tag="050" ind1="0" ind2=" ">
            <marc:subfield code="a">BJ1242</marc:subfield>
            <marc:subfield code="b">.N5 1971</marc:subfield>
        </marc:datafield>
        <marc:datafield tag="100" ind1="1" ind2=" ">
            <marc:subfield code="a">Nicole, Pierre,</marc:subfield>
            <marc:subfield code="d">1625-1695.</marc:subfield>
            <marc:subfield code="=">^A2847</marc:subfield>
        </marc:datafield>
        <marc:datafield tag="245" ind1="1" ind2="0">
            <marc:subfield code="a">Essais de morale.</marc:subfield>
        </marc:datafield>
        <marc:datafield tag="260" ind1=" " ind2=" ">
            <marc:subfield code="a">Genève :</marc:subfield>
            <marc:subfield code="b">Slatkine Reprints,</marc:subfield>
            <marc:subfield code="c">1971.</marc:subfield>
        </marc:datafield>
        <marc:datafield tag="300" ind1=" " ind2=" ">
            <marc:subfield code="a">25 v. in 4.</marc:subfield>
            <marc:subfield code="c">31 cm.</marc:subfield>
        </marc:datafield>
        <marc:datafield tag="500" ind1=" " ind2=" ">
            <marc:subfield code="a">Réimpression de l'édition de Paris, 1733-1771.</marc:subfield>
        </marc:datafield>
        <marc:datafield tag="505" ind1="0" ind2=" ">
            <marc:subfield code="a">v. 1. Tomes 1-6.-- v. 2. Tomes 7-12. --v. 3. Tomes 13-18. --v. 4. Tomes 19-25.</marc:subfield>
        </marc:datafield>
        <marc:datafield tag="596" ind1=" " ind2=" ">
            <marc:subfield code="a">1</marc:subfield>
        </marc:datafield>
        <marc:datafield tag="600" ind1="1" ind2="6">
            <marc:subfield code="a">Nicole, Pierre,</marc:subfield>
            <marc:subfield code="d">1625-1695.</marc:subfield>
        </marc:datafield>
        <marc:datafield tag="600" ind1="1" ind2="6">
            <marc:subfield code="a">Nicole, Pierre,</marc:subfield>
            <marc:subfield code="d">1625-1695</marc:subfield>
            <marc:subfield code="x">Et l'anthropologie augustinienne.</marc:subfield>
        </marc:datafield>
        <marc:datafield tag="650" ind1=" " ind2="0">
            <marc:subfield code="a">Christian ethics.</marc:subfield>
            <marc:subfield code="=">^A1004022</marc:subfield>
        </marc:datafield>
        <marc:datafield tag="650" ind1=" " ind2="6">
            <marc:subfield code="a">Morale chrétienne</marc:subfield>
            <marc:subfield code="x">Auteurs catholiques</marc:subfield>
            <marc:subfield code="v">Ouvrages avant 1800.</marc:subfield>
        </marc:datafield>
        <marc:datafield tag="650" ind1=" " ind2="6">
            <marc:subfield code="a">Homme (Théologie chrétienne)</marc:subfield>
            <marc:subfield code="v">Ouvrages avant 1800.</marc:subfield>
        </marc:datafield>
        <marc:datafield tag="650" ind1=" " ind2="6">
            <marc:subfield code="a">Connaissance, Théorie de la</marc:subfield>
            <marc:subfield code="v">Ouvrages avant 1800.</marc:subfield>
        </marc:datafield>
        <marc:datafield tag="650" ind1=" " ind2="6">
            <marc:subfield code="a">Morale pratique</marc:subfield>
            <marc:subfield code="v">Ouvrages avant 1800.</marc:subfield>
        </marc:datafield>
        <marc:datafield tag="650" ind1=" " ind2="6">
            <marc:subfield code="a">Dieu</marc:subfield>
            <marc:subfield code="v">Ouvrages avant 1800.</marc:subfield>
        </marc:datafield>
        <marc:datafield tag="650" ind1=" " ind2="6">
            <marc:subfield code="a">Connaissance de soi</marc:subfield>
            <marc:subfield code="v">Ouvrages avant 1800.</marc:subfield>
        </marc:datafield>
        <marc:datafield tag="916" ind1=" " ind2=" ">
            <marc:subfield code="a">DATE CATALOGED</marc:subfield>
            <marc:subfield code="b">20071108</marc:subfield>
        </marc:datafield>
        <marc:datafield tag="994" ind1=" " ind2=" ">
            <marc:subfield code="a">Z0</marc:subfield>
            <marc:subfield code="b">STF</marc:subfield>
        </marc:datafield>
        <marc:datafield tag="999" ind1=" " ind2=" ">
            <marc:subfield code="a">BJ1242 .N5 1971 F V.2</marc:subfield>
            <marc:subfield code="w">LC</marc:subfield>
            <marc:subfield code="c">2</marc:subfield>
            <marc:subfield code="i">36105131252178</marc:subfield>
            <marc:subfield code="d">1/27/2011</marc:subfield>
            <marc:subfield code="e">1/19/2011</marc:subfield>
            <marc:subfield code="l">STACKS</marc:subfield>
            <marc:subfield code="m">GREEN</marc:subfield>
            <marc:subfield code="n">2</marc:subfield>
            <marc:subfield code="r">Y</marc:subfield>
            <marc:subfield code="s">Y</marc:subfield>
            <marc:subfield code="t">STKS-MONO</marc:subfield>
            <marc:subfield code="u">2/18/2010</marc:subfield>
            <marc:subfield code="z">DIGI-SENT</marc:subfield>
        </marc:datafield>
        <marc:datafield tag="999" ind1=" " ind2=" ">
            <marc:subfield code="a">BJ1242 .N5 1971 F V.1</marc:subfield>
            <marc:subfield code="w">LC</marc:subfield>
            <marc:subfield code="c">2</marc:subfield>
            <marc:subfield code="i">36105131252186</marc:subfield>
            <marc:subfield code="d">1/27/2011</marc:subfield>
            <marc:subfield code="e">1/19/2011</marc:subfield>
            <marc:subfield code="l">STACKS</marc:subfield>
            <marc:subfield code="m">GREEN</marc:subfield>
            <marc:subfield code="n">2</marc:subfield>
            <marc:subfield code="r">Y</marc:subfield>
            <marc:subfield code="s">Y</marc:subfield>
            <marc:subfield code="t">STKS-MONO</marc:subfield>
            <marc:subfield code="u">2/18/2010</marc:subfield>
            <marc:subfield code="z">DIGI-SENT</marc:subfield>
        </marc:datafield>
        <marc:datafield tag="999" ind1=" " ind2=" ">
            <marc:subfield code="a">BJ1242 .N5 1971 F V.3</marc:subfield>
            <marc:subfield code="w">LC</marc:subfield>
            <marc:subfield code="c">2</marc:subfield>
            <marc:subfield code="i">36105131252160</marc:subfield>
            <marc:subfield code="d">1/27/2011</marc:subfield>
            <marc:subfield code="e">1/19/2011</marc:subfield>
            <marc:subfield code="l">STACKS</marc:subfield>
            <marc:subfield code="m">GREEN</marc:subfield>
            <marc:subfield code="n">2</marc:subfield>
            <marc:subfield code="r">Y</marc:subfield>
            <marc:subfield code="s">Y</marc:subfield>
            <marc:subfield code="t">STKS-MONO</marc:subfield>
            <marc:subfield code="u">2/18/2010</marc:subfield>
            <marc:subfield code="z">DIGI-SENT</marc:subfield>
        </marc:datafield>
        <marc:datafield tag="999" ind1=" " ind2=" ">
            <marc:subfield code="a">BJ1242 .N5 1971 F V.4</marc:subfield>
            <marc:subfield code="w">LC</marc:subfield>
            <marc:subfield code="c">2</marc:subfield>
            <marc:subfield code="i">36105131252152</marc:subfield>
            <marc:subfield code="d">1/27/2011</marc:subfield>
            <marc:subfield code="e">1/19/2011</marc:subfield>
            <marc:subfield code="l">STACKS</marc:subfield>
            <marc:subfield code="m">GREEN</marc:subfield>
            <marc:subfield code="n">2</marc:subfield>
            <marc:subfield code="r">Y</marc:subfield>
            <marc:subfield code="s">Y</marc:subfield>
            <marc:subfield code="t">STKS-MONO</marc:subfield>
            <marc:subfield code="u">2/18/2010</marc:subfield>
            <marc:subfield code="z">DIGI-SENT</marc:subfield>
        </marc:datafield>
    </marc:record>
    <marc:record>
        <marc:leader>00181cy  a22000854  4500</marc:leader>
        <marc:controlfield tag="001">a7000036</marc:controlfield>
        <marc:controlfield tag="003">SIRSI</marc:controlfield>
        <marc:controlfield tag="008">100218                eng 100218        </marc:controlfield>
        <marc:datafield tag="852" ind1=" " ind2=" ">
            <marc:subfield code="a">CSt</marc:subfield>
            <marc:subfield code="b">GREEN</marc:subfield>
            <marc:subfield code="c">STACKS</marc:subfield>
            <marc:subfield code="t">2</marc:subfield>
        </marc:datafield>
        <marc:datafield tag="866" ind1="4" ind2="1">
            <marc:subfield code="8">1</marc:subfield>
            <marc:subfield code="a">v.1-4</marc:subfield>
        </marc:datafield>
    </marc:record>