
    <marc:record>
        <marc:leader>01307cam a2200337Ma 45 0</marc:leader>
        <marc:controlfield tag="001">a7000037</marc:controlfield>
        <marc:controlfield tag="003">SIRSI</marc:controlfield>
        <marc:controlfield tag="005">20150718050002.0</marc:controlfield>
        <marc:controlfield tag="008">071113s2007    xr ac         000 0bcze d</marc:controlfield>
        <marc:datafield tag="020" ind1=" " ind2=" ">
            <marc:subfield code="a">9788071858492</marc:subfield>
        </marc:datafield>
        <marc:datafield tag="020" ind1=" " ind2=" ">
            <marc:subfield code="a">8071858498</marc:subfield>
        </marc:datafield>
        <marc:datafield tag="035" ind1=" " ind2=" ">
            <marc:subfield code="a">(OCoLC-M)187294967</marc:subfield>
        </marc:datafield>
        <marc:datafield tag="035" ind1=" " ind2=" ">
            <marc:subfield code="a">(OCoLC-I)276078583</marc:subfield>
        </marc:datafield>
        <marc:datafield tag="040" ind1=" " ind2=" ">
            <marc:subfield code="a">HLS</marc:subfield>
            <marc:subfield code="c">HLS</marc:subfield>
        </marc:datafield>
        <marc:datafield tag="100" ind1="1" ind2=" ">
            <marc:subfield code="a">Boštík, Martin.</marc:subfield>
            <marc:subfield code="=">^A2403548</marc:subfield>
        </marc:datafield>
        <marc:datafield tag="245" ind1="1" ind2="0">
            <marc:subfield code="a">Spasitel všednosti Quido Šimek (1857-1933) :</marc:subfield>
            <marc:subfield code="b">život a dílo neobyčejného litomyšlského kupce /</marc:subfield>
            <marc:subfield code="c">Martin Boštík.</marc:subfield>
        </marc:datafield>
        <marc:datafield tag="250" ind1=" " ind2=" ">
            <marc:subfield code="a">1. vyd.</marc:subfield>
        </marc:datafield>
        <marc:datafield tag="260" ind1=" " ind2=" ">
            <marc:subfield code="a">Praha ;</marc:subfield>
            <marc:subfield code="a">Litomyšl :</marc:subfield>
            <marc:subfield code="b">Paseka,</marc:subfield>
            <marc:subfield code="c">2007.</marc:subfield>
        </marc:datafield>
        <marc:datafield tag="300" ind1=" " ind2=" ">
            <marc:subfield code="a">173 p. :</marc:subfield>
            <marc:subfield code="b">ill., port. ;</marc:subfield>
            <marc:subfield code="c">28 cm.</marc:subfield>
        </marc:datafield>
        <marc:datafield tag="504" ind1=" " ind2=" ">
            <marc:subfield code="a">Includes bibliographical references.</marc:subfield>
        </marc:datafield>
        <marc:datafield tag="596" ind1=" " ind2=" ">
            <marc:subfield code="a">31</marc:subfield>
        </marc:datafield>
        <marc:datafield tag="600" ind1="1" ind2="0">
            <marc:subfield code="a">Šimek, Quido,</marc:subfield>
            <marc:subfield code="d">1857-1933.</marc:subfield>
            <marc:subfield code="=">^A2403549</marc:subfield>
        </marc:datafield>
        <marc:datafield tag="650" ind1=" " ind2="0">
            <marc:subfield code="a">Merchants</marc:subfield>
            <marc:subfield code="z">Czech Republic</marc:subfield>
            <marc:subfield code="z">Litomyšl</marc:subfield>
            <marc:subfield code="v">Biography.</marc:subfield>
            <marc:subfield code="=">^A1038680</marc:subfield>
        </marc:datafield>
        <marc:datafield tag="650" ind1=" " ind2="0">
            <marc:subfield code="a">Authors</marc:subfield>
            <marc:subfield code="z">Czech Republic</marc:subfield>
            <marc:subfield code="z">Litomyšl</marc:subfield>
            <marc:subfield code="v">Biography.</marc:subfield>
            <marc:subfield code="=">^A995485</marc:subfield>
        </marc:datafield>
        <marc:datafield tag="650" ind1=" " ind2="0">
            <marc:subfield code="a">Illustrators</marc:subfield>
            <marc:subfield code="z">Czech Republic</marc:subfield>
            <marc:subfield code="z">Litomyšl</marc:subfield>
            <marc:subfield code="v">Biography.</marc:subfield>
            <marc:subfield code="=">^A1027082</marc:subfield>
        </marc:datafield>
        <marc:datafield tag="651" ind1=" " ind2="0">
            <marc:subfield code="a">Litomyšl (Czech Republic)</marc:subfield>
            <marc:subfield code="x">History</marc:subfield>
            <marc:subfield code="v">Sources.</marc:subfield>
            <marc:subfield code="=">^A965352</marc:subfield>
        </marc:datafield>
        <marc:datafield tag="651" ind1=" " ind2="0">
            <marc:subfield code="a">Litomyšl (Czech Republic)</marc:subfield>
            <marc:subfield code="x">History</marc:subfield>
            <marc:subfield code="v">Pictorial works.</marc:subfield>
            <marc:subfield code="=">^A965352</marc:subfield>
        </marc:datafield>
        <marc:datafield tag="916" ind1=" " ind2=" ">
            <marc:subfield code="a">DATE CATALOGED</marc:subfield>
            <marc:subfield code="b">20080207</marc:subfield>
        </marc:datafield>
        <marc:datafield tag="994" ind1=" " ind2=" ">
            <marc:subfield code="a">Z0</marc:subfield>
            <marc:subfield code="b">STF</marc:subfield>
        </marc:datafield>
        <marc:datafield tag="010" ind1=" " ind2=" ">
            <marc:subfield code="a">  2008467027</marc:subfield>
        </marc:datafield>
        <marc:datafield tag="999" ind1=" " ind2=" ">
            <marc:subfield code="a">NC989 .C92 S5633 2007</marc:subfield>
            <marc:subfield code="w">LC</marc:subfield>
            <marc:subfield code="c">1</marc:subfield>
            <marc:subfield code="i">36105129849688</marc:subfield>
            <marc:subfield code="l">STACKS</marc:subfield>
            <marc:subfield code="m">SAL3</marc:subfield>
            <marc:subfield code="r">Y</marc:subfield>
            <marc:subfield code="s">Y</marc:subfield>
            <marc:subfield code="t">STKS-MONO</marc:subfield>
            <marc:subfield code="u">2/5/2008</marc:subfield>
        </marc:datafield>
    </marc:record>