
    <marc:record>
        <marc:leader>01208cam a2200289Ia 45 0</marc:leader>
        <marc:controlfield tag="001">a7000038</marc:controlfield>
        <marc:controlfield tag="003">SIRSI</marc:controlfield>
        <marc:controlfield tag="005">20150718050002.0</marc:controlfield>
        <marc:controlfield tag="008">940216s1990    dcu          f000 0 eng d</marc:controlfield>
        <marc:datafield tag="040" ind1=" " ind2=" ">
            <marc:subfield code="a">GPO</marc:subfield>
            <marc:subfield code="c">GPO</marc:subfield>
            <marc:subfield code="d">OCLCQ</marc:subfield>
        </marc:datafield>
        <marc:datafield tag="035" ind1=" " ind2=" ">
            <marc:subfield code="a">(OCoLC)29824421</marc:subfield>
        </marc:datafield>
        <marc:datafield tag="043" ind1=" " ind2=" ">
            <marc:subfield code="a">n-us---</marc:subfield>
        </marc:datafield>
        <marc:datafield tag="074" ind1=" " ind2=" ">
            <marc:subfield code="a">0780</marc:subfield>
        </marc:datafield>
        <marc:datafield tag="086" ind1="0" ind2=" ">
            <marc:subfield code="a">L 36.206/2:525/989</marc:subfield>
        </marc:datafield>
        <marc:datafield tag="110" ind1="1" ind2=" ">
            <marc:subfield code="a">United States.</marc:subfield>
            <marc:subfield code="b">Employment Standards Administration.</marc:subfield>
            <marc:subfield code="b">Wage and Hour Division.</marc:subfield>
            <marc:subfield code="=">^A81863</marc:subfield>
        </marc:datafield>
        <marc:datafield tag="245" ind1="1" ind2="0">
            <marc:subfield code="a">Federal regulations.</marc:subfield>
            <marc:subfield code="n">Part 525,</marc:subfield>
            <marc:subfield code="p">Employment of workers with disabilities under special certificates :</marc:subfield>
            <marc:subfield code="b">Title 29, part 525 of the Code of Federal Regulations.</marc:subfield>
        </marc:datafield>
        <marc:datafield tag="250" ind1=" " ind2=" ">
            <marc:subfield code="a">Rev. Aug. 1989.</marc:subfield>
        </marc:datafield>
        <marc:datafield tag="260" ind1=" " ind2=" ">
            <marc:subfield code="a">[Washington, D.C.?] :</marc:subfield>
            <marc:subfield code="b">U.S. Dept. of Labor, Employment Standards Administration, Wage and Hour Division,</marc:subfield>
            <marc:subfield code="c">[1990]</marc:subfield>
        </marc:datafield>
        <marc:datafield tag="300" ind1=" " ind2=" ">
            <marc:subfield code="a">6 p. ;</marc:subfield>
            <marc:subfield code="c">28 cm.</marc:subfield>
        </marc:datafield>
        <marc:datafield tag="440" ind1=" " ind2="0">
            <marc:subfield code="a">WH publication</marc:subfield>
            <marc:subfield code="v">1249</marc:subfield>
            <marc:subfield code="=">^A1143283</marc:subfield>
        </marc:datafield>
        <marc:datafield tag="500" ind1=" " ind2=" ">
            <marc:subfield code="a">Shipping list no.:91-0113-P.</marc:subfield>
        </marc:datafield>
        <marc:datafield tag="650" ind1=" " ind2="0">
            <marc:subfield code="a">People with disabilities</marc:subfield>
            <marc:subfield code="x">Employment</marc:subfield>
            <marc:subfield code="x">Law and legislation</marc:subfield>
            <marc:subfield code="z">United States.</marc:subfield>
            <marc:subfield code="=">^A2103939</marc:subfield>
        </marc:datafield>
        <marc:datafield tag="650" ind1=" " ind2="0">
            <marc:subfield code="a">Labor laws and legislation</marc:subfield>
            <marc:subfield code="z">United States.</marc:subfield>
            <marc:subfield code="=">^A1032797</marc:subfield>
        </marc:datafield>
        <marc:datafield tag="916" ind1=" " ind2=" ">
            <marc:subfield code="a">DATE CATALOGED</marc:subfield>
            <marc:subfield code="b">NEVER</marc:subfield>
        </marc:datafield>
        <marc:datafield tag="994" ind1=" " ind2=" ">
            <marc:subfield code="a">Z0</marc:subfield>
            <marc:subfield code="b">STF</marc:subfield>
        </marc:datafield>
        <marc:datafield tag="596" ind1=" " ind2=" ">
            <marc:subfield code="a">1</marc:subfield>
        </marc:datafield>
        <marc:datafield tag="999" ind1=" " ind2=" ">
            <marc:subfield code="a">L 36.206/2:525/989</marc:subfield>
            <marc:subfield code="w">SUDOC</marc:subfield>
            <marc:subfield code="c">1</marc:subfield>
            <marc:subfield code="i">36105130080133</marc:subfield>
            <marc:subfield code="l">FED-DOCS</marc:subfield>
            <marc:subfield code="m">GREEN</marc:subfield>
            <marc:subfield code="r">Y</marc:subfield>
            <marc:subfield code="s">Y</marc:subfield>
            <marc:subfield code="t">GOVSTKS</marc:subfield>
            <marc:subfield code="u">11/8/2007</marc:subfield>
        </marc:datafield>
    </marc:record>