
    <marc:record>
        <marc:leader>02026nam a2200457 a 4500</marc:leader>
        <marc:controlfield tag="001">a7000043</marc:controlfield>
        <marc:controlfield tag="003">SIRSI</marc:controlfield>
        <marc:controlfield tag="005">20150718050002.0</marc:controlfield>
        <marc:controlfield tag="008">071108m20059999ua a     b    000 0 ararc</marc:controlfield>
        <marc:datafield tag="010" ind1=" " ind2=" ">
            <marc:subfield code="a">  2006324849</marc:subfield>
        </marc:datafield>
        <marc:datafield tag="020" ind1=" " ind2=" ">
            <marc:subfield code="a">9771729543 (v. 1)</marc:subfield>
        </marc:datafield>
        <marc:datafield tag="020" ind1=" " ind2=" ">
            <marc:subfield code="a">9789771729549 (v. 1)</marc:subfield>
        </marc:datafield>
        <marc:datafield tag="040" ind1=" " ind2=" ">
            <marc:subfield code="a">OSU</marc:subfield>
            <marc:subfield code="c">STF</marc:subfield>
            <marc:subfield code="d">IXA</marc:subfield>
            <marc:subfield code="d">PUL</marc:subfield>
            <marc:subfield code="d">DLC</marc:subfield>
        </marc:datafield>
        <marc:datafield tag="041" ind1="0" ind2=" ">
            <marc:subfield code="a">ara</marc:subfield>
            <marc:subfield code="b">eng</marc:subfield>
        </marc:datafield>
        <marc:datafield tag="042" ind1=" " ind2=" ">
            <marc:subfield code="a">pcc</marc:subfield>
        </marc:datafield>
        <marc:datafield tag="043" ind1=" " ind2=" ">
            <marc:subfield code="a">a------</marc:subfield>
            <marc:subfield code="a">f------</marc:subfield>
        </marc:datafield>
        <marc:datafield tag="049" ind1=" " ind2=" ">
            <marc:subfield code="a">STFA</marc:subfield>
        </marc:datafield>
        <marc:datafield tag="050" ind1=" " ind2="4">
            <marc:subfield code="a">Z6605.A6</marc:subfield>
            <marc:subfield code="b">L53 2005</marc:subfield>
        </marc:datafield>
        <marc:datafield tag="079" ind1=" " ind2=" ">
            <marc:subfield code="a">ocm70190014</marc:subfield>
        </marc:datafield>
        <marc:datafield tag="110" ind1="2" ind2=" ">
            <marc:subfield code="a">Library of Congress.</marc:subfield>
            <marc:subfield code="=">^A81200</marc:subfield>
        </marc:datafield>
        <marc:datafield tag="245" ind1="1" ind2="3">
            <marc:subfield code="6">880-01</marc:subfield>
            <marc:subfield code="a">al-Majmūʻāt al-ʻArabīyah wa-al-Islāmīyah fī Maktabat al-Kūnjris /</marc:subfield>
            <marc:subfield code="c">Fawzī Mīkhāʼīl Tādrus.</marc:subfield>
        </marc:datafield>
        <marc:datafield tag="246" ind1="1" ind2="5">
            <marc:subfield code="a">Arabic &amp; Islamic Collections in the Library of Congress</marc:subfield>
        </marc:datafield>
        <marc:datafield tag="246" ind1="3" ind2="0">
            <marc:subfield code="a">Arabic and Islamic Collections in the Library of Congress</marc:subfield>
        </marc:datafield>
        <marc:datafield tag="260" ind1=" " ind2=" ">
            <marc:subfield code="6">880-02</marc:subfield>
            <marc:subfield code="a">al-Qāhirah :</marc:subfield>
            <marc:subfield code="b">Markaz Jāmiʻat al-Qāhirah lil-Ṭibāʻah wa-al-Nashr wa-Maktabat Zahrāʼ al-Sharq,</marc:subfield>
            <marc:subfield code="c">2005-</marc:subfield>
        </marc:datafield>
        <marc:datafield tag="300" ind1=" " ind2=" ">
            <marc:subfield code="a">v. :</marc:subfield>
            <marc:subfield code="b">col. ill. ;</marc:subfield>
            <marc:subfield code="c">24 cm.</marc:subfield>
        </marc:datafield>
        <marc:datafield tag="504" ind1=" " ind2=" ">
            <marc:subfield code="a">Includes bibliographical references.</marc:subfield>
        </marc:datafield>
        <marc:datafield tag="546" ind1=" " ind2=" ">
            <marc:subfield code="a">Text in Arabic with summary in English.</marc:subfield>
        </marc:datafield>
        <marc:datafield tag="520" ind1=" " ind2=" ">
            <marc:subfield code="a">Arabic and Islamic books; bibliography; Library of Congress; catalogs.</marc:subfield>
        </marc:datafield>
        <marc:datafield tag="650" ind1=" " ind2="0">
            <marc:subfield code="a">Manuscripts, Arabic</marc:subfield>
            <marc:subfield code="v">Bibliography.</marc:subfield>
            <marc:subfield code="=">^A1036858</marc:subfield>
        </marc:datafield>
        <marc:datafield tag="650" ind1=" " ind2="0">
            <marc:subfield code="a">Manuscripts</marc:subfield>
            <marc:subfield code="z">Islamic countries</marc:subfield>
            <marc:subfield code="v">Catalogs.</marc:subfield>
            <marc:subfield code="=">^A1036847</marc:subfield>
        </marc:datafield>
        <marc:datafield tag="630" ind1="0" ind2="0">
            <marc:subfield code="a">Library of Congress catalogs.</marc:subfield>
            <marc:subfield code="=">^A942215</marc:subfield>
        </marc:datafield>
        <marc:datafield tag="700" ind1="1" ind2=" ">
            <marc:subfield code="6">880-03</marc:subfield>
            <marc:subfield code="a">Tadrus, Fawzi M.</marc:subfield>
            <marc:subfield code="=">^A1393578</marc:subfield>
        </marc:datafield>
        <marc:datafield tag="880" ind1="1" ind2="2">
            <marc:subfield code="6">245-01//r</marc:subfield>
            <marc:subfield code="a">المجموعات العربية والاسلامية في مكتبة الكونجرس /</marc:subfield>
            <marc:subfield code="c">فوزي ميخائيل تادرس.</marc:subfield>
        </marc:datafield>
        <marc:datafield tag="880" ind1=" " ind2=" ">
            <marc:subfield code="6">260-02//r</marc:subfield>
            <marc:subfield code="a">القاهرة :</marc:subfield>
            <marc:subfield code="b">مركز جامعة القاهرة للطباعة والنشر ومكتبة زهراء الشرق،</marc:subfield>
            <marc:subfield code="c">2005-</marc:subfield>
        </marc:datafield>
        <marc:datafield tag="880" ind1="1" ind2=" ">
            <marc:subfield code="6">700-03//r</marc:subfield>
            <marc:subfield code="a">تدرس، فوزي م.</marc:subfield>
        </marc:datafield>
        <marc:datafield tag="916" ind1=" " ind2=" ">
            <marc:subfield code="a">DATE CATALOGED</marc:subfield>
            <marc:subfield code="b">20080225</marc:subfield>
        </marc:datafield>
        <marc:datafield tag="994" ind1=" " ind2=" ">
            <marc:subfield code="a">Z0</marc:subfield>
            <marc:subfield code="b">MALCO</marc:subfield>
        </marc:datafield>
        <marc:datafield tag="596" ind1=" " ind2=" ">
            <marc:subfield code="a">31</marc:subfield>
        </marc:datafield>
        <marc:datafield tag="035" ind1=" " ind2=" ">
            <marc:subfield code="a">(OCoLC-M)70190014</marc:subfield>
        </marc:datafield>
        <marc:datafield tag="035" ind1=" " ind2=" ">
            <marc:subfield code="a">(OCoLC-I)180922215</marc:subfield>
        </marc:datafield>
        <marc:datafield tag="999" ind1=" " ind2=" ">
            <marc:subfield code="a">Z6605 .A6 L53 2005</marc:subfield>
            <marc:subfield code="w">LC</marc:subfield>
            <marc:subfield code="c">1</marc:subfield>
            <marc:subfield code="i">36105128775207</marc:subfield>
            <marc:subfield code="d">1/4/2008</marc:subfield>
            <marc:subfield code="e">12/14/2007</marc:subfield>
            <marc:subfield code="l">STACKS</marc:subfield>
            <marc:subfield code="m">SAL3</marc:subfield>
            <marc:subfield code="r">Y</marc:subfield>
            <marc:subfield code="s">Y</marc:subfield>
            <marc:subfield code="t">STKS-MONO</marc:subfield>
            <marc:subfield code="u">11/8/2007</marc:subfield>
            <marc:subfield code="z">DIGI-SENT</marc:subfield>
        </marc:datafield>
    </marc:record>