
    <marc:record>
        <marc:leader>01395cam a22003614a 4500</marc:leader>
        <marc:controlfield tag="001">a7000045</marc:controlfield>
        <marc:controlfield tag="003">SIRSI</marc:controlfield>
        <marc:controlfield tag="005">20150718050002.0</marc:controlfield>
        <marc:controlfield tag="008">071113s2007    un a     b    001 0 ukroc</marc:controlfield>
        <marc:datafield tag="020" ind1=" " ind2=" ">
            <marc:subfield code="a">9789665184195</marc:subfield>
        </marc:datafield>
        <marc:datafield tag="020" ind1=" " ind2=" ">
            <marc:subfield code="a">9665184199</marc:subfield>
        </marc:datafield>
        <marc:datafield tag="035" ind1=" " ind2=" ">
            <marc:subfield code="a">(OCoLC-M)181100216</marc:subfield>
        </marc:datafield>
        <marc:datafield tag="035" ind1=" " ind2=" ">
            <marc:subfield code="a">(OCoLC-I)270513442</marc:subfield>
        </marc:datafield>
        <marc:datafield tag="040" ind1=" " ind2=" ">
            <marc:subfield code="a">STF</marc:subfield>
            <marc:subfield code="c">STF</marc:subfield>
        </marc:datafield>
        <marc:datafield tag="042" ind1=" " ind2=" ">
            <marc:subfield code="a">pcc</marc:subfield>
        </marc:datafield>
        <marc:datafield tag="050" ind1=" " ind2="4">
            <marc:subfield code="a">HC340.19.Z9</marc:subfield>
            <marc:subfield code="b">F369 2007</marc:subfield>
        </marc:datafield>
        <marc:datafield tag="245" ind1="0" ind2="0">
            <marc:subfield code="a">Holodomor 1932-1933 rokiv v Ukraïni :</marc:subfield>
            <marc:subfield code="b">dokumenty i materialy /</marc:subfield>
            <marc:subfield code="c">upori͡adnyk Ruslan Pyrih.</marc:subfield>
        </marc:datafield>
        <marc:datafield tag="260" ind1=" " ind2=" ">
            <marc:subfield code="a">Kyïv :</marc:subfield>
            <marc:subfield code="b">Vydavnychyĭ dim &quot;Kyi͡evo-Mohyli͡ansʹka akademii͡a&quot;,</marc:subfield>
            <marc:subfield code="c">2007.</marc:subfield>
        </marc:datafield>
        <marc:datafield tag="300" ind1=" " ind2=" ">
            <marc:subfield code="a">1125 p. :</marc:subfield>
            <marc:subfield code="b">ill. ;</marc:subfield>
            <marc:subfield code="c">25 cm.</marc:subfield>
        </marc:datafield>
        <marc:datafield tag="490" ind1="1" ind2=" ">
            <marc:subfield code="a">Bilʹshe ne tai͡emno ;</marc:subfield>
            <marc:subfield code="v">t. 2</marc:subfield>
        </marc:datafield>
        <marc:datafield tag="596" ind1=" " ind2=" ">
            <marc:subfield code="a">1</marc:subfield>
        </marc:datafield>
        <marc:datafield tag="650" ind1=" " ind2="0">
            <marc:subfield code="a">Famines</marc:subfield>
            <marc:subfield code="z">Ukraine</marc:subfield>
            <marc:subfield code="x">History</marc:subfield>
            <marc:subfield code="y">20th century</marc:subfield>
            <marc:subfield code="v">Sources.</marc:subfield>
            <marc:subfield code="=">^A2440769</marc:subfield>
        </marc:datafield>
        <marc:datafield tag="651" ind1=" " ind2="0">
            <marc:subfield code="a">Ukraine</marc:subfield>
            <marc:subfield code="x">History</marc:subfield>
            <marc:subfield code="y">Famine, 1932-1933</marc:subfield>
            <marc:subfield code="v">Sources.</marc:subfield>
            <marc:subfield code="=">^A1707192</marc:subfield>
        </marc:datafield>
        <marc:datafield tag="700" ind1="1" ind2=" ">
            <marc:subfield code="a">Pyrih, R. I͡A.</marc:subfield>
            <marc:subfield code="q">(Ruslan I͡Akovych)</marc:subfield>
            <marc:subfield code="=">^A1208120</marc:subfield>
        </marc:datafield>
        <marc:datafield tag="710" ind1="2" ind2=" ">
            <marc:subfield code="a">Instytut istoriï Ukraïny (Nat͡sionalʹna akademii͡a nauk Ukraïny)</marc:subfield>
            <marc:subfield code="=">^A1240366</marc:subfield>
        </marc:datafield>
        <marc:datafield tag="710" ind1="2" ind2=" ">
            <marc:subfield code="a">Miz͡hnarodnyĭ blahodiĭnyĭ fond &quot;Ukraïna 3000.&quot;</marc:subfield>
            <marc:subfield code="?">UNAUTHORIZED</marc:subfield>
        </marc:datafield>
        <marc:datafield tag="830" ind1=" " ind2="0">
            <marc:subfield code="a">Bilʹshe ne tai͡emno ;</marc:subfield>
            <marc:subfield code="v">t. 2.</marc:subfield>
            <marc:subfield code="=">^A1880573</marc:subfield>
        </marc:datafield>
        <marc:datafield tag="916" ind1=" " ind2=" ">
            <marc:subfield code="a">DATE CATALOGED</marc:subfield>
            <marc:subfield code="b">20071113</marc:subfield>
        </marc:datafield>
        <marc:datafield tag="994" ind1=" " ind2=" ">
            <marc:subfield code="a">C0</marc:subfield>
            <marc:subfield code="b">STF</marc:subfield>
        </marc:datafield>
        <marc:datafield tag="010" ind1=" " ind2=" ">
            <marc:subfield code="a">  2008613147</marc:subfield>
        </marc:datafield>
        <marc:datafield tag="020" ind1=" " ind2=" ">
            <marc:subfield code="a">9665183508</marc:subfield>
        </marc:datafield>
        <marc:datafield tag="020" ind1=" " ind2=" ">
            <marc:subfield code="a">9789665183501</marc:subfield>
        </marc:datafield>
        <marc:datafield tag="999" ind1=" " ind2=" ">
            <marc:subfield code="a">HC340.19 .Z9 F369 2007</marc:subfield>
            <marc:subfield code="w">LC</marc:subfield>
            <marc:subfield code="c">1</marc:subfield>
            <marc:subfield code="i">36105007599884</marc:subfield>
            <marc:subfield code="d">6/15/2015</marc:subfield>
            <marc:subfield code="e">6/3/2010</marc:subfield>
            <marc:subfield code="l">STACKS</marc:subfield>
            <marc:subfield code="m">GREEN</marc:subfield>
            <marc:subfield code="n">3</marc:subfield>
            <marc:subfield code="q">1</marc:subfield>
            <marc:subfield code="r">Y</marc:subfield>
            <marc:subfield code="s">Y</marc:subfield>
            <marc:subfield code="t">STKS-MONO</marc:subfield>
            <marc:subfield code="u">2/6/2009</marc:subfield>
        </marc:datafield>
    </marc:record>