
    <marc:record>
        <marc:leader>01172cam a2200265K  4500</marc:leader>
        <marc:controlfield tag="001">a7000048</marc:controlfield>
        <marc:controlfield tag="003">SIRSI</marc:controlfield>
        <marc:controlfield tag="005">20150718050002.0</marc:controlfield>
        <marc:controlfield tag="008">790409s1892    au f          000 0 ger d</marc:controlfield>
        <marc:datafield tag="035" ind1=" " ind2=" ">
            <marc:subfield code="a">(OCoLC-M)4835718</marc:subfield>
        </marc:datafield>
        <marc:datafield tag="035" ind1=" " ind2=" ">
            <marc:subfield code="a">(OCoLC-I)276078598</marc:subfield>
        </marc:datafield>
        <marc:datafield tag="040" ind1=" " ind2=" ">
            <marc:subfield code="a">COO</marc:subfield>
            <marc:subfield code="c">COO</marc:subfield>
            <marc:subfield code="d">OCLCQ</marc:subfield>
        </marc:datafield>
        <marc:datafield tag="090" ind1=" " ind2=" ">
            <marc:subfield code="a">AS142</marc:subfield>
            <marc:subfield code="b">.V655 v. 59 no. 1</marc:subfield>
        </marc:datafield>
        <marc:datafield tag="100" ind1="1" ind2=" ">
            <marc:subfield code="a">Steindachner, Franz,</marc:subfield>
            <marc:subfield code="d">1834-1919.</marc:subfield>
            <marc:subfield code="=">^A624723</marc:subfield>
        </marc:datafield>
        <marc:datafield tag="245" ind1="1" ind2="0">
            <marc:subfield code="a">Über einige neue und seltene Fischarten aus der ichthyolegischen Sammlung des K.K. Naturhistorischen Hofmuseums.</marc:subfield>
        </marc:datafield>
        <marc:datafield tag="260" ind1=" " ind2=" ">
            <marc:subfield code="a">[Wien,</marc:subfield>
            <marc:subfield code="b">K.K. Hof- und Staatsdruckerei,</marc:subfield>
            <marc:subfield code="c">1892]</marc:subfield>
        </marc:datafield>
        <marc:datafield tag="300" ind1=" " ind2=" ">
            <marc:subfield code="a">357-384 p.</marc:subfield>
            <marc:subfield code="b">6 plates.</marc:subfield>
            <marc:subfield code="c">29 cm.</marc:subfield>
        </marc:datafield>
        <marc:datafield tag="490" ind1="1" ind2=" ">
            <marc:subfield code="a">Akademie der Wissenschaften, Vienna. Mathematisch-naturwissenschaftliche Klasse. Denkschriften,</marc:subfield>
            <marc:subfield code="v">Bd. 59</marc:subfield>
        </marc:datafield>
        <marc:datafield tag="590" ind1=" " ind2=" ">
            <marc:subfield code="a">Copy 1 bound with v. 59, 1st in vol.</marc:subfield>
            <marc:subfield code="c">7000011 (parent record's ckey)</marc:subfield>
        </marc:datafield>
        <marc:datafield tag="596" ind1=" " ind2=" ">
            <marc:subfield code="a">20</marc:subfield>
        </marc:datafield>
        <marc:datafield tag="650" ind1=" " ind2="0">
            <marc:subfield code="a">Fishes.</marc:subfield>
            <marc:subfield code="=">^A1018046</marc:subfield>
        </marc:datafield>
        <marc:datafield tag="830" ind1=" " ind2="0">
            <marc:subfield code="a">Denkschriften (Österreichische Akademie der Wissenschaften. Mathematisch-Naturwissenschaftliche Klasse)</marc:subfield>
            <marc:subfield code="v">Bd. 59.</marc:subfield>
            <marc:subfield code="=">^A1130042</marc:subfield>
        </marc:datafield>
        <marc:datafield tag="916" ind1=" " ind2=" ">
            <marc:subfield code="a">DATE CATALOGED</marc:subfield>
            <marc:subfield code="b">20071108</marc:subfield>
        </marc:datafield>
        <marc:datafield tag="994" ind1=" " ind2=" ">
            <marc:subfield code="a">Z0</marc:subfield>
            <marc:subfield code="b">STF</marc:subfield>
        </marc:datafield>
        <marc:datafield tag="999" ind1=" " ind2=" ">
            <marc:subfield code="a">063 .V661D V.59:6TH IN VOL.</marc:subfield>
            <marc:subfield code="w">DEWEY</marc:subfield>
            <marc:subfield code="c">1</marc:subfield>
            <marc:subfield code="i">7000048-2001</marc:subfield>
            <marc:subfield code="l">SAL-FOLIO</marc:subfield>
            <marc:subfield code="m">SAL</marc:subfield>
            <marc:subfield code="r">Y</marc:subfield>
            <marc:subfield code="s">Y</marc:subfield>
            <marc:subfield code="t">STKS-MONO</marc:subfield>
            <marc:subfield code="u">11/8/2007</marc:subfield>
            <marc:subfield code="x">BW-CHILD</marc:subfield>
        </marc:datafield>
    </marc:record>
</marc:collection>
